4634 5924
596 689 600 697 '
629 742 635 754 .
757 702 911 756 ominans
928 706 992 773 pon
1009 714 1126 767 emon
1143 702 1318 764 retenone,
1340 701 1365 753 n
1383 701 1504 766 ριιιιιι

886 790 1056 843 florentis
1075 792 1172 842 orior
1190 787 1341 841 reflectitur
1359 803 1376 842 ι

214 2931 344 3018 Quibus
367 2935 605 3020 experimentis
627 2935 658 2999 si
680 2934 909 3020 cognoscitur,
934 2930 1121 3000 discrimino
1142 2930 1209 3001 hoc
1230 2931 1307 3001 loco
1329 2954 1395 3001 non
1419 2937 1452 3000 in
1470 2939 1588 3021 prucis
1606 2942 1680 3002 tun-

99 3068 173 3127 tum
203 3064 305 3146 utque
334 3059 466 3144 exiguis
493 3054 674 3143 exemplis,
707 3056 770 3124 sed
799 3058 870 3125 fere
896 3058 928 3124 iu
958 3055 1110 3125 omnibus
1131 3059 1256 3145 majora
1280 3079 1357 3126 csse
1380 3060 1557 3146 magisque
1578 3063 1681 3145 voris,

102 3204 204 3272 quum
233 3184 267 3249 in
295 3179 446 3249 rubentis
474 3178 590 3268 plutini
618 3179 719 3247 radiis
747 3185 799 3270 (p.
823 3180 874 3247 97.
905 3180 989 3258 98.);
1017 3186 1110 3248 recte
1140 3179 1254 3268 colligi
1282 3202 1386 3270 porse
1415 3182 1598 3271 videbitur,
1627 3207 1682 3253 co-

101 3307 208 3376 loreur
230 3326 250 3371 u
272 3302 399 3392 plutino
421 3301 565 3372 flavente
588 3306 745 3372 emissum
770 3307 877 3392 magis
899 3305 1026 3371 verium
1050 3326 1144 3388 esse,
1169 3326 1268 3392 quum
1293 3328 1313 3372 s
1334 3303 1486 3375 rubente.

216 3428 374 3512 Quemvis
401 3448 500 3512 vero,
532 3427 566 3494 id
594 3427 683 3515 quod
710 3431 780 3517 jam
807 3430 942 3516 saepius
971 3428 1041 3496 dixi
1072 3435 1120 3516 (p.
1145 3429 1197 3494 26.
1221 3431 1308 3513 ii),
1343 3453 1363 3497 e
1391 3433 1518 3519 muJ‘ore
1546 3432 1683 3500 duarum

104 3552 364 3623 declinationum
387 3550 592 3635 discrimine,
623 3554 653 3618 si
682 3549 815 3639 quidem
844 3552 879 3618 id
901 3555 986 3620 intra
1008 3554 1183 3620 inferiores
1205 3552 1329 3641 gradus
1352 3552 1552 3623 observetur
1583 3579 1684 3644 quum

103 3677 203 3762 illud,
233 3697 377 3764 quocum
408 3682 633 3764 computatur,
662 3696 729 3743 nou
757 3696 892 3762 sempor
921 3676 1184 3745 concludendum
1221 3680 1285 3761 sit,
1315 3685 1351 3746 ot
1379 3681 1486 3766 ipsum
1516 3685 1624 3769 mojus
1650 3684 1682 3748 in

104 3801 227 3870 coloris
249 3799 372 3867 effectu
395 3801 540 3868 existere
564 3800 754 3868 discrimen:
777 3806 889 3867 tumen
912 3799 1076 3869 hocloco
1099 3804 1118 3866 i.
1141 3822 1169 3868 c.
1193 3802 1227 3868 in
1251 3805 1452 3889 comparetis
1476 3802 1684 3871 observatio·

103 3924 203 3994 uibus
224 3920 409 3990 tubulorum
432 3947 465 4010 p.
480 3925 534 3991 98.
550 3932 587 3992 et
601 3946 634 4011 p.
650 3927 703 3991 99.
719 3930 812 3991 recte
834 3922 914 3991 illud
935 3926 1059 3992 luctum
1077 3946 1158 3992 esse
1172 3924 1314 3995 videtur.
1350 3928 1494 3995 Diverso
1517 3929 1603 3994 enim
1626 3927 1686 3995 illa

103 4048 362 4118 declinationum
398 4051 481 4114 rutio
521 4056 656 4117 nccrto
687 4049 815 4116 demum
843 4051 985 4116 termino
1008 4045 1031 4126 ¹)
1068 4051 1202 4137 incipit,
1240 4052 1334 4136 ipsue
1358 4058 1466 4119 nutem
1504 4054 1590 4118 iutro
1625 4075 1686 4121 eos

104 4173 241 4262 quidem
264 4171 363 4254 finos,
391 4171 434 4238 ud
464 4193 551 4258 quor
579 4171 835 4240 observationes
863 4171 939 4241 illoc
960 4176 1146 4260 pertinent,
1175 4173 1380 4261 respondere
1409 4174 1530 4243 coloris
1558 4176 1684 4245 viribus

104 4298 290 4365 existimari
310 4302 475 4382 poterunt.

216 4418 369 4489 Plotini
390 4426 502 4488 eutem
524 4442 569 4489 cx
591 4427 685 4508 parte
708 4419 887 4490 albentis
909 4421 1018 4506 color,
1046 4424 1078 4489 ri
1104 4421 1147 4489 ab
1174 4421 1294 4490 iisdem
1316 4422 1383 4490 illis
1413 4424 1609 4512 corporibus
1632 4448 1686 4495 re·

103 4546 271 4629 flectitur,
308 4566 369 4632 per
403 4565 547 4633 corpore
573 4544 797 4614 diethermunu
834 4548 1001 4615 transiens
1030 4549 1129 4614 otium
1161 4550 1285 4635 majore
1315 4549 1504 4616 discrimino
1529 4548 1686 4636 praebet,

105 4692 207 4758 quem
243 4669 403 4737 flaventis.
463 4670 557 4737 Acus
597 4672 682 4738 enim
696 4719 706 4756 ‚
746 4676 782 4737 ut
819 4670 983 4757 prioribus
1021 4678 1094 4740 utor
1132 4671 1317 4759 exemplis,
1362 4675 1561 4761 interposito
1599 4678 1687 4743 vitro

217 4939 241 4995 ι)
263 4937 299 4991 cf,
315 4933 455 4990 montet.
473 4951 499 5001 p.
510 4934 536 4991 2.
554 4945 612 4991 not.
626 4938 650 4992 l.
1424 5008 1479 5064 13*
