4634 5924
1143 371 1194 446 4⁶

375 594 606 665 omniscienda
629 616 772 683 corpora
792 616 862 663 uon
885 593 1053 664 debebant
1075 594 1303 664 diatbermana
1326 617 1414 663 esse.
1457 593 1591 663 Etenim
1614 597 1658 677 si,
1681 594 1800 663 eadem
1823 618 1960 684 appara·

375 728 434 789 tus
457 720 694 808 dispositione,
721 722 809 788 inter
830 721 938 807 ipsam
962 718 1081 788 caloris
1103 723 1246 804 iontem,
1269 744 1301 787 v.
1326 742 1355 787 c.
1380 719 1902 819 lampademlrtrgandicam
1924 729 1961 789 et

375 843 657 931 tbermoscopinm
680 843 906 931 ponebantnrt
932 850 1065 930 praeter
1088 847 1247 912 emissum
1275 842 1317 911 ab
1346 843 1412 911 illis
1440 844 1587 912 calorem
1616 844 1713 911 simul
1740 848 1960 913 manumissus

376 988 438 1055 per
459 967 515 1034 illa
535 968 686 1035 dammae
710 966 802 1035 calor
824 966 866 1033 ad
890 965 987 1054 pilam
1009 971 1171 1056 pervenit.

484 1089 663 1180 Ejusmodi
689 1094 792 1178 igitur
819 1093 1048 1178 experimenta
1078 1097 1209 1159 omnino
1237 1089 1317 1159 nibil
1346 1091 1390 1157 ad
1416 1113 1503 1175 rem,
1536 1093 1577 1159 de
1605 1114 1671 1180 qua
1699 1091 1755 1158 bic
1782 1092 1958 1179 agebatur,

373 1212 568 1283 solvendam
590 1214 814 1303 pertinebant,
837 1216 899 1282 sed
922 1221 1033 1283 tamen
1056 1215 1089 1282 id
1112 1219 1219 1303 ipsum
1242 1215 1320 1282 inde
1343 1218 1531 1283 examinare
1553 1215 1655 1298 licuit,
1680 1238 1777 1304 qnam
1801 1225 1960 1285 accurata

374 1346 411 1407 et
431 1338 569 1407 subtilis
591 1347 686 1407 esset
708 1342 792 1407 ratio
816 1346 919 1427 atqua
941 1342 1009 1423 via,
1033 1363 1111 1428 qua,
1136 1347 1243 1408 utrum
1267 1342 1350 1407 certi
1373 1339 1507 1427 quidam
1530 1340 1612 1407 radii
1634 1363 1734 1428 pares
1756 1343 1842 1408 inter
1861 1365 1901 1410 se
1916 1363 1959 1409 nn

373 1462 500 1531 diversi
522 1471 653 1547 essent,
675 1465 940 1550 investigaretur.

487 1588 564 1654 Hoc
588 1589 674 1654 enim
695 1587 795 1655 modo
818 1586 981 1654 radiorum
1005 1590 1103 1676 copia
1127 1590 1270 1670 exstitit,
1295 1609 1435 1675 quornm
1460 1586 1590 1655 diversa
1613 1595 1707 1656 esset
1729 1611 1789 1678 per
1813 1588 1958 1658 diatber·

371 1732 474 1777 mana
499 1731 638 1798 corpora
665 1710 857 1779 transeundi
885 1711 1029 1778 facultas
1050 1708 1090 1794 ¹),
1113 1719 1226 1778 mutua
1249 1717 1359 1778 autem
1384 1733 1497 1779 eorum
1520 1715 1604 1780 ratio
1629 1720 1787 1780 enatura
1811 1717 1885 1801 ejus
1907 1720 1957 1781 ta·

372 1832 475 1901 balae
498 1833 678 1920 pendebat,
702 1858 790 1923 qnae
813 1834 912 1902 radiis
936 1834 1177 1923 exponebatur.
1214 1833 1390 1926 EJusmodi
1413 1842 1523 1903 autem
1546 1839 1665 1923 partim
1690 1840 1815 1921 emissi,
1838 1839 1958 1926 partim

372 1960 563 2025 transmissi
588 1955 709 2026 caloris
732 1961 830 2047 copia
852 1961 964 2042 mixta,
989 1982 1064 2026 cum
1086 1981 1148 2047 per
1169 1981 1208 2026 se
1232 1960 1365 2027 diversa
1388 1960 1429 2026 ad
1452 1982 1549 2027 unam
1571 1959 1626 2027 vel
1649 1959 1786 2028 alteram
1810 1960 1958 2029 tabulam

371 2083 566 2169 pertineret,
589 2105 649 2168 per
672 2082 899 2158 diatbermana
923 2105 1075 2171 corpora,
1099 2105 1186 2171 quae
1207 2083 1250 2148 ad
1266 2082 1299 2149 id
1315 2087 1421 2171 ipsum
1437 2084 1702 2171 inuestigandum
1718 2083 1956 2167 inserviebant,

372 2227 440 2273 non
462 2213 598 2292 poterat
621 2209 685 2274 nisi
708 2209 876 2294 impariter
898 2210 1048 2274 transire.
1095 2204 1338 2292 Quaerebatur,
1365 2231 1440 2274 num
1463 2207 1547 2276 baec
1569 2207 1814 2276 transmittendi
1838 2208 1955 2275 discri-

371 2332 472 2416 mina,
503 2352 590 2418 quae
615 2330 749 2419 quidem
774 2330 918 2398 divinare
942 2330 1080 2416 licebat,
1102 2333 1134 2397 in
1158 2334 1243 2399 vitro
1267 2331 1381 2415 rubro,
1404 2335 1491 2400 vitro
1517 2333 1686 2417 coeruleo,
1709 2332 1861 2416 alumine,
1884 2331 1956 2401 sale

371 2475 539 2542 gemmae,
562 2453 685 2542 spatho
708 2454 870 2540 calcario,
893 2478 1001 2543 gypso
1025 2461 1094 2520 tum
1119 2477 1254 2544 quoque
1278 2456 1449 2524 observari
1472 2464 1633 2543 possent,
1663 2481 1737 2526 eum
1759 2460 1957 2526 tenuissima

373 2584 489 2649 essent
512 2577 701 2665 cogitanda.

481 2702 758 2789 Experimentum
788 2726 867 2771 vero
896 2703 963 2771 boc
990 2705 1068 2786 luit,
1098 2712 1135 2770 ut
1163 2725 1286 2790 corpus
1314 2705 1482 2793 quoddam
1510 2729 1576 2774 non
1605 2707 1782 2773 admodum
1811 2705 1955 2774 diether-

370 2849 522 2910 mannm,
551 2850 581 2893 r.
605 2848 634 2893 c.
660 2825 772 2893 eboris
793 2825 926 2910 tabula,
958 2831 1045 2910 1⁸,7
1069 2850 1202 2911 erasm,
1230 2831 1264 2893 in
1293 2851 1335 2895 ea
1363 2829 1620 2916 diapbragmatis
1642 2836 1738 2916 parte
1760 2837 1954 2915 poneretur,

371 2975 439 3039 qua
463 2950 590 3037 lampas
613 2958 685 3017 erat
701 2951 898 3037 Argandica.
939 2952 1033 3036 Quae
1056 2952 1190 3040 quidem
1214 2974 1255 3018 eo
1279 2975 1387 3040 usque
1410 2953 1454 3019 illi
1477 2951 1726 3035 admovebatur,
1751 2953 1861 3021 donec
1885 2954 1953 3018 uni·

369 3076 481 3142 versis
509 3081 545 3140 et
573 3077 704 3142 emissis
733 3081 768 3142 et
795 3078 1000 3143 transmissis
1028 3077 1130 3143 radiis
1158 3077 1285 3144 directa
1312 3075 1372 3141 35⁶
1403 3076 1581 3144 declinatio
1614 3077 1719 3144 fieret.
1773 3076 1848 3161 Quo
1876 3074 1953 3143 loco

369 3197 511 3267 simulac
541 3202 691 3266 constitit
719 3221 818 3282 acus,
848 3222 970 3285 corpus
1000 3201 1167 3288 quoddam
1195 3200 1455 3269 diatbermaoum
1490 3226 1520 3267 v.
1551 3223 1579 3269 c.
1607 3204 1728 3267 vitrum
1756 3200 1890 3266 rubrum
1920 3203 1955 3266 in

370 3325 539 3390 contraria
561 3322 818 3411 diaphragmatis
841 3331 936 3411 parte
958 3332 1036 3392 ante
1059 3323 1156 3411 pilam
1181 3332 1235 3392 est
1257 3328 1500 3413 interpositum.
1531 3327 1609 3393 Jam
1625 3348 1706 3393 vero
1730 3332 1846 3393 notum
1869 3332 1954 3409 erat,

368 3449 520 3535 cujusvis
542 3447 626 3514 inira
648 3444 708 3512 ab·
725 3450 765 3513 li.
791 3456 1045 3536 temperaturam
1069 3451 1219 3538 corporis
1242 3449 1374 3535 radios,
1404 3454 1460 3538 qui
1490 3452 1649 3518 directam
1677 3446 1738 3514 35⁰
1760 3448 1953 3517 declinatio·

368 3595 445 3641 nem
469 3572 678 3655 effecissent,
702 3596 762 3662 per
786 3577 905 3641 vitrum
930 3572 1061 3640 rubrum
1085 3578 1314 3655 transmissos,
1338 3597 1433 3641 acum
1457 3575 1499 3639 ad
1519 3570 1735 3657 1⁰·-10·‚25
1759 3574 1953 3655 dellectere,

367 3697 535 3786 lampadis
560 3705 672 3766 autem
701 3699 913 3785 Argandicae
948 3698 1060 3765 radios
1092 3738 1130 3755 «-
1160 3702 1233 3789 pari
1264 3699 1392 3766 directa
1420 3696 1645 3765 declinatione
1674 3732 1717 3743 —
1745 3722 1807 3787 per
1835 3701 1953 3766 vitrum

368 3828 586 3891 transeuntes
609 3822 651 3889 ad
674 3820 790 3904 21⁰‚7o
813 3828 866 3905 (r.
894 3826 978 3890 inira
999 3821 1146 3889 tabulam
1168 3848 1201 3912 p.
1222 3824 1293 3902 tii).
1337 3824 1456 3911 ltaque
1483 3826 1512 3889 si
1541 3823 1655 3889 borum
1685 3844 1764 3909 pars
1787 3846 1861 3889 cunr
1887 3820 1953 3887 illis

367 3953 550 4038 conjuncta
574 3947 733 4015 directam
755 3948 841 4013 illam
858 3945 918 4011 35⁰
934 3947 1187 4015 declinationem
1204 3948 1379 4015 effeceratz
1401 3950 1600 4034 interposito
1615 3950 1704 4014 vitro
1720 3945 1820 4013 rubro
1832 3950 1952 4011 instru-

367 4082 516 4140 mentum
532 4076 619 4139 -si
640 4094 677 4139 re
699 4094 779 4139 vera
801 4076 886 4139 satis
908 4071 1042 4139 subtilis
1058 4080 1130 4138 erat
1151 4074 1236 4139 ratio
1251 4071 1309 4138 illa
1334 4114 1373 4126 -
1399 4070 1496 4138 aliam
1520 4072 1685 4159 quandam
1708 4082 1812 4155 atque
1838 4064 1951 4152 tows

369 4196 625 4265 declinationem
647 4197 838 4285 significare
861 4196 1016 4264 debebat.
1062 4195 1161 4279 Quod
1183 4219 1267 4263 sane
1289 4199 1415 4262 facturn
1442 4205 1513 4279 est;
1541 4199 1692 4283 apparuit
1720 4195 1806 4259 enim
1837 4190 1951 4275 1³⁰,tit

369 4321 560 4389 declinatio.
602 4326 655 4389 Ac
676 4321 795 4389 similia
816 4325 851 4389 in
874 4324 997 4390 ceteris
1019 4320 1175 4388 omnibus
1197 4319 1360 4408 exemplis
1375 4328 1569 4389 evenerant.
1603 4319 1655 4385 Ad
1682 4312 1794 4399 16⁰,75
1817 4316 1951 4404 quidem

366 4468 454 4514 acus
479 4445 675 4529 declinarit,
704 4444 850 4513 adbibita
872 4447 984 4514 eboris
1004 4447 1078 4513 loco
1105 4445 1202 4511 lecca
1228 4449 1336 4532 nigrim
1367 4445 1408 4512 ad
1435 4442 1547 4527 litua
1569 4440 1734 4508 metallica
1754 4440 1868 4509 tabula
1887 4464 1951 4509 acu

366 4570 502 4639 duobus
523 4570 608 4638 locis
629 4570 798 4638 treantina.
829 4571 903 4655 Quo
924 4576 1031 4638 ninas
1051 4578 1162 4637 autem
1178 4572 1324 4636 anterior
1339 4569 1565 4636 diatbermana
1582 4566 1697 4633 tabula
1711 4564 1855 4635 calorem
1871 4569 1949 4633 reti·

480 4862 502 4918 ¹)
524 4861 560 4910 ct.
578 4860 606 4909 in
625 4859 718 4909 tabula
736 4874 763 4922 p.
783 4856 818 4912 ti
836 4858 1048 4911 declinationes.
1074 4870 1143 4921 qnae
1161 4859 1298 4920 pertinent
1316 4856 1349 4907 ad
1368 4867 1488 4918 corpora
1504 4855 1655 4920 caleiacus,
1678 4869 1739 4907 cum
1756 4856 1806 4917 tis,
1828 4863 1897 4915 qnae
1915 4849 1949 4899 td

362 4968 517 5032 luponem
535 4966 723 5031 argentim.
