4544 5918
628 1287 711 1410 De
744 1334 905 1402 industria
941 1333 1114 1421 bucusque
1149 1335 1246 1401 omisi
1279 1333 1478 1420 peculiarem
1514 1335 1677 1426 quandam
1711 1337 1874 1422 attingere
1902 1333 2082 1419 theoriam,
2118 1356 2214 1423 quac

629 1463 665 1530 ln
694 1459 901 1548 explicandis
932 1465 1084 1526 vomatur
1110 1456 1368 1545 phoenomenis,
1403 1466 1504 1548 atquc
1538 1461 1605 1528 boc
1639 1459 1771 1549 quiden
1801 1481 1842 1527 so
1870 1459 1938 1526 lcci
1968 1457 2128 1542 cendio,
2164 1482 2214 1528 ue

629 1607 686 1655 res
710 1583 925 1679 observatas,
948 1604 1035 1671 quae
1057 1581 1153 1649 solas
1175 1584 1208 1647 in
1231 1582 1352 1650 litteris
1375 1591 1587 1672 permanent,
1617 1606 1636 1651 c
1659 1586 1872 1672 coniecturae
1896 1583 2068 1673 cujusdam
2091 1605 2214 1651 norma

631 1712 722 1779 tluxa
750 1716 786 1778 et
811 1706 918 1797 fragili
946 1705 1167 1797 dijudicarcm.
1213 1711 1265 1776 Ac
1291 1729 1334 1776 ns
1362 1707 1450 1775 nuuc
1479 1708 1611 1795 quiden
1637 1706 1717 1775 talia
1744 1729 1966 1794 aggressurus
1992 1728 2084 1775 arm:
2120 1728 2212 1796 quae

630 1838 694 1904 nisi
723 1856 798 1903 con
827 1839 987 1903 accurato
1014 1831 1207 1904 matheseos
1232 1833 1344 1900 studio
1368 1835 1626 1921 conjunguntur,
1655 1831 1697 1899 ad
1720 1830 1818 1900 tinem
1839 1833 2046 1920 propositum
2067 1831 2214 1920 perduci

631 1965 813 2048 nequeunt.
859 1956 1121 2026 Observationes
1149 1963 1259 2024 autem
1289 1955 1542 2044 qualescunque
1569 1978 1665 2024 meae
1689 1955 1756 2025 boc
1784 1955 1918 2044 quidam
1946 1955 2127 2044 aliquando
2150 1977 2211 2024 ra·

631 2083 740 2167 leant,
769 2088 807 2150 ut
830 2082 872 2150 de
895 2081 1006 2148 calore
1029 2081 1199 2165 doctrina,
1230 2102 1316 2168 quae
1339 2103 1418 2168 prae
1442 2082 1564 2149 ceteris
1586 2080 1800 2168 physicarum
1821 2079 2002 2147 litterarum
2024 2077 2213 2166 disciplinis

632 2229 698 2275 uua
723 2213 758 2275 et
780 2209 944 2274 communi
966 2205 1108 2293 quodam
1131 2205 1283 2273 theoriae
1303 2203 1433 2272 vinculo
1458 2211 1563 2289 caret,
1585 2204 1628 2271 ad
1650 2207 1809 2294 maiorem
1832 2206 1886 2271 sui
1907 2225 2110 2272 consensum
2132 2226 2212 2292 per-

631 2334 754 2400 veniat.

742 2453 821 2521 Jam
842 2455 941 2539 igitur
964 2453 1062 2522 linem
1084 2455 1298 2541 impositurus
1319 2451 1397 2519 buic
1421 2452 1642 2522 dissertationi
1664 2457 1834 2541 postremo
1856 2473 1967 2519 earum
1987 2472 2099 2519 rerum
2119 2473 2213 2520 sum-

633 2600 719 2646 mam
743 2575 923 2658 exhibebo,
948 2546 1034 2665 quae
1058 2599 1078 2645 e
1100 2575 1390 2666 disquisitionibus
1410 2583 1602 2645 evenerunt
2237 2552 2245 2569 ’

745 2704 773 2768 1.
799 2699 935 2788 Duplici
958 2723 1065 2788 eaque
1087 2723 1175 2769 nova
1197 2705 1326 2770 ratione
1350 2708 1444 2770 certo
1466 2701 1637 2790 dijudicari
1659 2706 1785 2788 potest,
1807 2706 1917 2768 utnon
1936 2720 2060 2788 corpus
2075 2697 2214 2787 aliquod

631 2827 756 2896 coloris
776 2825 888 2894 radios
910 2827 1125 2912 transmittat,
1147 2847 1253 2894 necnc
1277 2827 1483 2913 (134353.)

742 2952 775 3016 t.
809 2951 900 3017 luter
928 2947 1049 3017 caloris
1071 2948 1230 3018 radiantis
1252 2972 1312 3039 per
1336 2972 1475 3038 corpora
1500 2947 1723 3017 diathermana
1743 2952 1919 3018 transitum
1943 2957 1978 3018 et
1998 2951 2104 3019 tontis
2123 2954 2212 3016 um-

632 3081 823 3163 peraturam
850 3094 916 3141 nou
946 3072 1073 3142 directa
1101 3073 1264 3161 quaedam
1288 3081 1342 3143 est
1362 3077 1468 3160 ratio,
1496 3075 1559 3141 scd
1580 3072 1635 3140 illc
1658 3095 1678 3141 c
1700 3080 1820 3142 natura
1840 3080 1967 3142 tautum
1991 3072 2212 3142 diathermani

632 3199 783 3287 corporis
810 3197 950 3284 pendet,
985 3197 1076 3286 quod
1103 3221 1124 3263 a
1154 3199 1257 3266 certis
1283 3197 1480 3286 quibusdam
1508 3197 1630 3265 caloris
1657 3197 1759 3265 radiis
1788 3201 1895 3285 magis
1919 3200 2080 3267 transitur
2110 3219 2214 3284 quam

635 3321 677 3390 ab
702 3322 787 3405 aliis,
811 3323 937 3388 sivein
960 3323 1098 3403 minore,
1121 3323 1250 3389 sivein
1272 3326 1398 3410 maJure
1420 3328 1643 3409 temperatura
1666 3324 1754 3390 natis
1778 3324 1824 3410 (p.
1847 3325 1896 3388 18.
1923 3326 1997 3402 lu).

745 3447 775 3510 3.
811 3442 968 3533 Corporis
992 3443 1131 3534 alicujus
1154 3445 1303 3513 radiante
1327 3445 1437 3514 calore
1461 3446 1644 3529 calefactio,
1668 3448 1697 3513 si
1718 3445 1802 3512 radii
1823 3448 1857 3512 in
1878 3446 1960 3514 illud
1975 3448 2113 3514 immissi
2130 3466 2213 3512 ean-

634 3571 711 3638 dem
741 3590 873 3656 semper
899 3571 965 3636 rim
995 3577 1172 3655 exercent,
1202 3573 1333 3638 omuino
1360 3568 1479 3636 nullam
1507 3573 1669 3638 rationem
1698 3592 1771 3638 curn
1794 3572 1897 3638 tontis
1918 3570 2023 3639 babet
2043 3576 2217 3656 tempera·

632 3702 727 3778 tura,
750 3693 812 3761 sed
834 3696 930 3761 unice
954 3691 1168 3763 absorbentis
1192 3695 1343 3782 corporis
1365 3699 1482 3761 natura
1504 3693 1656 3778 allicitur,
1680 3717 1765 3782 quae
1789 3693 1872 3764 alios
1894 3695 2006 3763 radios
2030 3693 2101 3762 aliis
2125 3694 2216 3760 faci-

633 3819 697 3888 lius
721 3821 844 3905 accipit
866 3821 913 3905 (p.
929 3818 1007 3896 tt).

744 3949 775 4008 l.
811 3940 940 4029 Corpus
963 3941 1099 4029 aliquod
1121 3944 1206 4009 intra
1230 3949 1344 4010 certos
1367 3941 1499 4030 quidem
1522 3943 1607 4010 fines
1630 3964 1671 4010 eu
1693 3945 1799 4029 magis
1822 3943 1942 4027 calefit,
1970 3965 2037 4032 quo
2062 3945 2218 4011 crassius

634 4077 700 4154 est,
722 4067 824 4156 idque
848 4089 889 4134 eo
911 4065 1062 4153 amplius,
1086 4088 1152 4153 quc
1175 4069 1283 4133 minus
1307 4066 1565 4135 diathermanum
1589 4074 1642 4134 est
1664 4065 1763 4134 radiis
1786 4069 1834 4154 (p.
1851 4069 1902 4132 27.
1920 4070 1987 4148 28).

746 4196 774 4256 5.
812 4189 940 4259 Caloris
962 4189 1185 4277 absorptionis
1208 4197 1244 4257 ct
1267 4193 1451 4259 emissionis
1475 4196 1612 4258 eatenus
1635 4196 1760 4258 tantum
1784 4200 1898 4259 mutua
1921 4200 1975 4260 est
1996 4194 2097 4273 ratio,
2131 4215 2217 4281 qua·

633 4323 733 4386 tenus
761 4316 803 4383 ad
833 4337 931 4383 unum
952 4314 1107 4402 idemque
1129 4314 1207 4382 illac
1230 4336 1353 4403 corpus
1375 4317 1542 4402 pertinent
1562 4336 1672 4402 neque
1695 4317 1769 4403 ipsa
1792 4316 1913 4385 caloris
1934 4324 2053 4383 natura
2075 4318 2110 4382 in
2135 4338 2218 4385 ccu-

634 4460 707 4505 sum
730 4447 870 4509 vocatur
893 4445 938 4528 (p.
956 4442 1007 4505 35.
1024 4439 1076 4508 36.
1093 4441 1172 4519 aa).

746 4570 777 4630 6.
811 4567 887 4632 Lex
915 4564 969 4630 illa
997 4586 1018 4629 a
1045 4561 1240 4631 Mallonio
1270 4567 1442 4650 proposita
1472 4562 1693 4651 comprobata
1721 4571 1788 4632 est:
1824 4567 2028 4633 rimationem
2058 4573 2216 4655 corporis

635 4686 824 4774 superficiei
852 4689 974 4757 idcirco
998 4694 1127 4755 tantum
1148 4691 1181 4754 in
1205 4688 1375 4756 emittendi
1400 4689 1522 4757 caloris
1543 4689 1737 4756 facultatem
1760 4691 1825 4756 vim
1849 4688 2014 4777 quandam
2039 4713 2216 4778 exercere,

635 4811 728 4901 quad
758 4810 953 4881 densitatem
981 4813 1105 4881 alliciat
1127 4820 1162 4881 et
1185 4812 1352 4897 duritiem,
1380 4816 1427 4879 ita
1457 4812 1607 4901 quidem,
1636 4820 1674 4879 ut
1700 4812 1753 4880 rel
1781 4821 1941 4901 augeatur
1968 4814 2023 4882 rel
2046 4820 2216 4888 minuatur

635 4937 778 5007 facultas
800 4935 868 5021 illa,
891 4940 920 5004 si
943 4944 1057 5025 partes
1079 4939 1226 5008 durando
1251 4938 1303 5007 vel
1325 4937 1566 5007 molliores'vel
1591 4937 1763 5007 densiores
1786 4941 1895 5009 sactae
1916 4940 1982 5009 siut
2003 4941 2050 5028 (p.
2069 4943 2138 5025 33).
