4544 5918
1444 346 1493 420 28

676 576 763 641 niret
777 572 1027 659 thermoscopio
1049 570 1243 654 adversum
1265 570 1411 660 ideoque
1435 593 1476 640 eo
1500 575 1657 639 minorem
1682 574 1747 638 vim
1769 573 1802 637 in
1824 570 1924 659 pilam
1948 566 2165 652 exercebant,
2189 589 2255 656 quo

547 779 551 787 ι
677 699 785 783 magis
808 695 860 763 illa
882 695 1002 765 caloris
1023 718 1115 789 pars,
1139 696 1360 763 crassitudine
1383 702 1493 782 aucta,
1517 694 1765 763 diminuebatur.

790 823 966 889 Terminus
996 826 1124 903 autem,
1155 821 1190 886 in
1218 841 1285 907 quo
1315 823 1466 907 corporis
1491 819 1631 909 alicujus
1653 816 1828 888 calefactio
1850 839 1915 884 una
1939 839 2013 884 cum
2037 816 2258 883 crassitudine

678 948 794 1032 augeri
818 944 955 1030 desiuit,
984 945 1018 1010 in
1041 965 1106 1011 uno
1131 944 1316 1031 eodemque
1339 943 1461 1012 caloris
1482 946 1577 1012 fonte
1601 966 1645 1011 ex
1667 945 1742 1031 ipso
1765 941 1926 1031 pendebit
1948 963 2107 1028 corpore,
2136 942 2170 1007 in
2192 961 2255 1008 uno

678 1074 789 1137 antem
817 1068 1005 1155 eodemque
1034 1089 1177 1155 corpore
1207 1090 1227 1136 e
1257 1068 1378 1136 caloris
1406 1070 1508 1135 fontis
1536 1075 1663 1135 natura.
1709 1067 1773 1150 Qui
1800 1069 1958 1135 terminus
1988 1072 2025 1132 ut
2053 1067 2158 1132 certis
2186 1067 2256 1151 qui·

676 1192 819 1261 busdam
848 1191 1095 1260 conditionibus
1125 1195 1314 1260 accuratius
1342 1195 1578 1276 constituatur,
1614 1193 1824 1279 sequentium
1859 1197 2044 1278 temporum
2073 1191 2255 1276 investiga·

677 1322 763 1387 tioni
784 1317 935 1385 relictum
960 1321 1022 1382 est.

791 1439 1012 1508 Mellonius
1032 1435 1055 1518 ¹)
1079 1437 1212 1526 quidem
1238 1440 1457 1524 existimavit,
1485 1443 1616 1507 omnino
1644 1442 1760 1508 sentiri
1791 1460 1857 1507 non
1887 1461 1991 1527 posse
2013 1443 2256 1525 temperaturae

678 1568 918 1632 incrementum
942 1565 976 1630 in
996 1561 1155 1631 tenuibus
1177 1561 1414 1632 diathermanis
1437 1562 1632 1652 corporibus
1655 1563 1766 1631 calore
1787 1562 1938 1630 radiante
1961 1563 2135 1646 effectum,
2163 1560 2255 1628 ideo·

680 1712 748 1777 que
770 1689 932 1756 indirecta
955 1687 1098 1775 quadam
1123 1686 1345 1756 concludendi
1366 1691 1496 1756 ratione
1519 1710 1600 1754 usus
1628 1685 1710 1755 illud
1737 1690 1864 1755 statuit
1906 1689 1983 1755 Jam
2012 1709 2094 1755 vero
2124 1688 2256 1773 experi-

678 1816 802 1881 mentis
824 1835 925 1901 supra
946 1812 1103 1879 indicatis
1126 1814 1278 1899 contigit,
1303 1811 1553 1879 calefactionem
1575 1811 1664 1879 illam
1687 1814 1743 1879 via
1765 1812 1890 1880 directa
1913 1811 2143 1879 demonstrare
2158 1808 2256 1878 Mel-

680 1937 857 2026 loniique
885 1942 1098 2028 conjecturas
1129 1938 1307 2004 manifesta
1343 1938 1547 2023 experientia
1581 1935 1814 2023 comprobare:
1850 1938 2040 2023 corporis
2073 1935 2257 2027 alicujus

679 2066 1000 2149 temperaturam
1029 2066 1247 2129 crescente
1277 2061 1560 2128 crassitudine
1592 2082 1639 2129 eo
1668 2063 1797 2147 magis
1825 2062 1984 2148 augeri,
2014 2082 2094 2147 quo
2122 2060 2257 2127 miuus

680 2184 1005 2253 diathermanum
1029 2187 1088 2252 sit
1109 2183 1237 2251 radiis
1259 2187 1298 2251 in
1321 2187 1452 2272 ipsum
1476 2187 1651 2252 emissis.

790 2307 823 2375 Ε
847 2310 1020 2395 superiore
1044 2311 1128 2376 enim
1151 2307 1267 2376 tabula
1288 2331 1320 2395 p.
1337 2310 1380 2372 27
1403 2311 1629 2395 cognovimus,
1660 2307 1776 2375 eadem
1800 2330 1953 2395 corpora,
1976 2314 2076 2374 aucta
2100 2309 2254 2375 crassitu-

681 2434 773 2516 dine,
802 2434 908 2518 magis
937 2431 1081 2500 calefieri
1107 2432 1245 2520 cylindri
1268 2432 1384 2516 radiis,
1414 2455 1514 2520 quam
1535 2432 1700 2519 lampadis
1722 2433 1950 2517 Argandicae3
1979 2439 2115 2499 constat
2138 2438 2256 2516 antero,

679 2558 848 2625 ver-nicam
872 2554 979 2623 albam
1005 2562 1039 2623 et
1061 2554 1189 2623 laccanr
1210 2559 1334 2643 nigram
1359 2555 1496 2644 cylindri
1517 2557 1618 2623 radiis
1640 2560 1761 2642 minus,
1784 2578 1884 2644 quam
1905 2555 2068 2644 lampadis
2090 2559 2233 2625 transiri.

791 2680 932 2750 Omnino
947 2702 1030 2748 varo
1045 2680 1325 2750 diathermana
1348 2703 1521 2769 corpora
1536 2681 1628 2747 —id
1644 2682 1735 2768 quod
1749 2680 1922 2769 hucusque
1937 2679 2047 2748 solum
2065 2685 2255 2770 conjectura

680 2809 897 2876 constitutum
930 2813 985 2873 est
1015 2846 1050 2860 -
1083 2809 1254 2874 maxime
1285 2804 1473 2873 calefieri
1500 2807 1554 2871 iis
1583 2806 1726 2890 radiis,
1758 2804 1909 2892 quibus
1936 2808 2098 2873 minime
2126 2813 2254 2872 trans·

681 2938 844 3014 eantur,
868 2929 1104 2998 observatione
1128 2932 1226 2998 etiam
1249 2933 1283 2997 in
1305 2932 1390 2997 vitro
1414 2928 1491 2996 albo
1513 2928 1646 3016 probari
1668 2936 1794 3016 potest,
1821 2929 1914 3017 quod
1937 2936 2071 2998 constat
2094 2935 2130 2997 et
2152 2933 2254 3018 ipsum

681 3055 822 3142 cylindri
845 3053 1000 3122 metallici
1022 3053 1131 3121 calore
1154 3056 1261 3122 minus
1284 3038 1569 3142 quamlampadis
1591 3054 1800 3140 Argandicae
1823 3057 1994 3141 permeari.
2011 3093 2054 3105 -
2072 3053 2256 3142 Speculare

681 3180 768 3244 enim
791 3181 927 3261 vitrum,
957 3176 1162 3265 hydrargyro
1185 3181 1400 3262 instructum,
1431 3181 1520 3262 1¹·,5
1551 3200 1718 3262 crassum,
1748 3182 1844 3266 cujus
1873 3178 2068 3266 superficies
2096 3178 2256 3247 metallica

680 3323 802 3389 aspera
824 3300 913 3389 pilae
936 3302 1079 3368 adversa
1103 3307 1185 3384 erat,
1210 3300 1346 3387 cylindri
1370 3301 1470 3370 radiis
1493 3324 1589 3369 acum
1611 3302 1655 3368 ad
1671 3299 1783 3387 12⁰,25
1801 3303 1947 3386 deflexit,
1968 3303 2134 3390 lampadis
2150 3312 2255 3372 autem

682 3424 796 3494 calore
818 3425 862 3491 ad
887 3422 960 3511 11⁰3
984 3432 1129 3513 utroque
1152 3424 1275 3493 caloris
1297 3427 1390 3494 fonte
1413 3426 1572 3496 directam
1595 3426 1656 3492 45⁰
1679 3426 1928 3496 declinationem
1952 3427 2128 3496 efficiente.

792 3549 860 3616 Vix
882 3555 992 3618 autem
1014 3553 1134 3618 iterum
1156 3551 1355 3620 monendum
1377 3552 1519 3637 videtur,
1544 3552 1769 3620 demonstrata
1790 3551 1849 3620 illa
1872 3553 2174 3622 diathermanorum
2186 3573 2254 3621 cor-

681 3696 801 3764 porum
817 3705 860 3720 -
876 3697 962 3762 quae
984 3676 1118 3762 quidem
1141 3676 1250 3744 calore
1271 3678 1420 3744 radiante
1442 3676 1583 3745 efficitur
1603 3713 1647 3726 -
1668 3675 1889 3746 calefactione
1911 3680 2042 3746 minime
2063 3677 2255 3747 labefactari

682 3823 736 3886 ea,
760 3821 848 3888 quae
863 3801 1022 3887 inpriore
1037 3803 1147 3887 capite
1166 3801 1347 3871 observata
1362 3808 1448 3869 sunt.
1482 3803 1559 3891 lpsa
1577 3805 1662 3872 enim
1681 3805 1828 3871 ostendit
1846 3802 2037 3872 observatio
2054 3803 2102 3890 (p.
2119 3806 2170 3870 19.
2180 3802 2255 3883 tlt),

682 3924 939 3994 calefactionem
963 3946 1054 4009 eam,
1082 3925 1150 3994 illis
1174 3928 1307 4015 quidem
1330 3928 1592 4014 conditionibus,
1620 3927 1742 4016 quibus
1766 3929 1808 3997 de
1830 3929 2013 3998 radiatione
2035 3927 2252 3997 institueban-

682 4056 737 4117 tur
760 4053 1000 4140 experimenta,
1023 4048 1144 4117 nullam
1168 4053 1297 4121 omnino
1320 4056 1443 4122 nimiu
1465 4062 1622 4160 eventum
1646 4057 1849 4125 exercuisse.
1985 4075 1988 4078 ·

779 4317 798 4379 ¹)
822 4319 958 4385 Poggend.
977 4319 1074 4371 Aaou.
1093 4318 1190 4384 xum,
1208 4314 1250 4372 td.
1268 4317 1311 4373 27.
