4544 5918
842 366 891 439 te

762 463 972 478 Ψ

70 591 180 658 radiis
205 590 399 678 exponitur,
428 612 460 656 v.
483 610 512 655 c.
537 588 748 674 Argoudicae
771 588 933 676 lampadis
957 596 994 657 et
1015 587 1153 676 cylindri
1174 589 1217 656 ad
1238 586 1351 657 WB.
1377 591 1548 676 calefacti,
1576 596 1652 681 qni·

74 715 144 783 irus
172 715 286 783 eadem
322 714 446 780 directa
481 711 624 780 efficitur
655 711 850 780 declinatio:
887 714 1019 781 diversa
1052 715 1180 781 ratione
1214 717 1465 783 instrumentum
1499 716 1651 784 afficitur.

77 839 178 924 Quod
201 838 378 905 discrimen
401 844 458 904 aut
479 835 556 903 inde
578 835 745 923 proticisci
767 839 894 923 possit,
919 837 1010 925 quod
1032 840 1262 925 interpositum
1287 860 1409 927 corpus
1432 839 1651 908 ediatlrerma·

75 986 152 1030 num
177 968 291 1031 estet
314 962 456 1029 diversis
480 959 599 1028 caloris
620 959 768 1028 lontibus
788 963 958 1049 impariter
981 958 1101 1043 calefit,
1125 967 1184 1028 ant
1205 960 1294 1049 quod
1320 969 1372 1029 est
1394 962 1653 1032 diathermanum

75 1087 257 1175 radiosque
281 1086 406 1152 diversi
428 1088 560 1171 generis
586 1087 754 1172 impariter
781 1087 990 1168 transmittit,
1020 1091 1078 1151 aut
1106 1084 1265 1172 denique,
1297 1086 1387 1172 quod
1415 1086 1652 1157 declinationes

76 1220 113 1279 et
147 1210 368 1278 calefactione
399 1207 585 1275 tabularum
622 1212 891 1296 interpositarum
925 1211 1041 1296 impari
1076 1215 1111 1275 et
1143 1208 1306 1275 radiorum
1339 1232 1401 1296 per
1431 1210 1503 1278 illas
1535 1214 1652 1299 impari
1719 1242 1722 1251 ¹

76 1337 222 1403 transitu
245 1332 439 1400 efficiuntur.

187 1457 226 1522 lu
247 1454 300 1523 nis
321 1465 431 1525 autem
457 1454 617 1542 exemplis
638 1454 721 1521 illud
742 1458 927 1543 primarium
951 1461 1022 1538 est,
1052 1461 1089 1521 ut
1113 1455 1274 1537 ejusmodi
1296 1459 1471 1524 transitum
1495 1481 1571 1526 esse
1595 1460 1651 1527 de·

73 1586 292 1650 monstretur.
333 1579 436 1664 Quem
461 1579 502 1645 ad
526 1579 622 1647 linem
649 1600 789 1666 corpora
810 1580 1010 1666 interposita
1031 1578 1191 1646 adversus
1214 1577 1495 1668 thermoscopium
1517 1581 1652 1668 iuligine

72 1711 238 1792 tegantur
260 1725 367 1792 eoque
388 1706 605 1786 transmissio,
628 1706 657 1770 si
680 1726 746 1791 qua
768 1704 853 1771 lorte
877 1703 944 1785 fiat,
967 1699 1110 1768 tollatur.
1147 1703 1224 1769 Jam
1247 1725 1334 1790 quae
1349 1710 1428 1786 turn,
1451 1707 1651 1793 interposito

72 1850 224 1915 corpore
252 1827 499 1915 investigando,
532 1834 695 1914 apparent
723 1827 911 1894 discrimina
939 1848 1005 1893 non
1031 1832 1174 1914 possunt
1200 1828 1266 1893 nisi
1289 1826 1439 1895 diversae
1467 1833 1539 1917 ejus
1563 1829 1652 1899 cale·

70 1954 218 2020 factioni
240 1950 348 2019 tribui.
378 1987 424 2001 -
453 1950 581 2035 Quodsi
610 1974 732 2039 corpus
762 1950 1108 2018 adiatlrermanum
1133 1956 1200 2033 est,
1230 1952 1329 2016 etiarn
1352 1958 1478 2018 remota
1501 1952 1653 2040 iuligine,

73 2077 199 2144 eadem
222 2076 409 2143 discrimina
431 2082 643 2162 permanent,
672 2081 830 2141 utentes
853 2080 899 2161 (p.
915 2076 975 2155 39)
997 2076 1031 2141 in
1055 2096 1169 2141 crasso
1194 2077 1327 2142 carmini
1350 2080 1456 2141 strato
1481 2082 1515 2141 et
1538 2074 1654 2143 clrarta

73 2203 177 2287 nigra
189 2199 341 2266 vidimus.
371 2197 434 2267 Sin
456 2222 536 2267 vero
562 2198 881 2266 diathermanum
906 2205 970 2282 est,
993 2201 1179 2266 transmissi
1202 2197 1323 2266 caloris
1346 2201 1545 2265 accessione
1562 2201 1653 2268 varie
1684 2259 1690 2265 .

74 2322 133 2392 illa
156 2325 274 2390 mutari
296 2329 452 2410 possunt,
477 2322 512 2389 id
535 2322 625 2410 quod
646 2320 837 2408 planissime
860 2326 893 2388 iu
914 2324 998 2409 ipsis
1021 2324 1254 2410 experimentis
1273 2321 1502 2390 describendis
1521 2324 1654 2391 ostendi

74 2451 213 2536 poterit

190 2574 285 2639 Acus
309 2576 438 2654 autern,
461 2592 548 2658 quae
572 2570 699 2637 directa
722 2566 839 2635 caloris
862 2571 963 2635 sontis
987 2568 1169 2636 radiatione
1191 2569 1234 2635 ad
1255 2567 1315 2635 4⁰·
1339 2571 1470 2638 dedexa
1493 2578 1581 2656 erat,
1605 2575 1654 2639 in·

74 2698 245 2784 terposito
273 2698 380 2761 vitro
408 2696 525 2779 nigro
553 2692 653 2780 pilam
677 2714 796 2760 versus
818 2691 955 2779 iuligine
977 2698 1069 2759 tecto
1093 2692 1135 2758 ad
1162 2689 1218 2755 12ο
1240 2693 1450 2779 Argandicao
1478 2692 1654 2782 lampadis,

75 2822 124 2890 ad
153 2816 213 2884 11⁰
239 2818 378 2907 cylindri
404 2816 505 2884 radiis
534 2815 722 2884 declinavit.
774 2814 898 2883 Contra
928 2814 1061 2882 sublata
1089 2816 1242 2901 iuligine,
1270 2814 1337 2882 illic
1366 2817 1410 2882 ad
1443 2813 1571 2900 lutto,
1600 2817 1656 2884 hic

75 2949 204 3013 iterum
226 2943 269 3010 ad
292 2939 350 3005 11ο
372 2963 453 3009 acus
476 2941 613 3007 redacta
635 2946 697 3008 est.
740 2943 959 3008 Numerorum
982 2940 1158 3007 discrimen
1180 2942 1213 3006 in
1236 2942 1321 3007 vitro
1344 2940 1480 3027 iuligine
1503 2948 1595 3010 tecto
1619 2939 1655 3005 1·

76 3076 175 3152 erat,
196 3070 229 3133 in
251 3069 335 3133 vitro
357 3088 424 3133 nou
446 3071 538 3131 tecto
563 3061 665 3148 5225.
710 3067 826 3152 Atque
847 3064 913 3132 lroe
936 3065 1067 3153 quidem
1091 3071 1184 3131 certo
1209 3070 1262 3131 est
1285 3065 1501 3147 documento,
1524 3074 1654 3135 remoto

72 3194 226 3280 fuliginis
240 3198 361 3273 strato,
383 3189 549 3257 radiorum
572 3188 642 3256 fieri
664 3191 947 3257 transmissionem
971 3211 1111 3277 eamque
1134 3188 1176 3255 ad
1199 3190 1384 3276 augendum
1400 3188 1657 3260 declinationum

75 3317 260 3385 discrimen
281 3314 399 3381 valere.

191 3441 332 3506 Lacca
354 3459 434 3504 vero
457 3439 574 3523 nigra
601 3440 628 3504 si
656 3435 755 3523 pilam
782 3460 901 3506 versus
928 3436 1066 3525 iuligine
1094 3445 1186 3506 tecta
1214 3438 1504 3526 interponebatur,
1535 3438 1658 3508 diversi

76 3565 206 3634 caloris
228 3565 341 3629 fontes
362 3564 613 3628 instrumentum
635 3562 760 3648 pariter
789 3563 988 3647 affecerunt,
1018 3561 1148 3630 sublata
1176 3570 1287 3630 autern
1316 3562 1452 3648 iuligine
1480 3565 1655 3651 impariter.

76 3689 182 3776 Quod
197 3688 374 3754 discrimen
396 3707 462 3753 non
483 3687 595 3771 potuit
615 3683 716 3751 tribui
738 3688 802 3752 nisi
824 3689 1066 3756 transmissioni
1090 3685 1223 3768 caloris,
1248 3707 1335 3773 qnae
1358 3686 1492 3773 quidem
1515 3709 1555 3755 ea
1578 3711 1656 3757 con·

78 3814 211 3882 ditione
233 3810 303 3878 lieri
323 3811 442 3897 potuit.

194 3937 287 4002 Acus
307 3957 407 4019 vero,
434 3936 465 4000 si
488 3936 653 4001 carmini
675 3940 849 4001 stratum
873 3941 998 4002 tenue
1019 3935 1153 4023 iuligine
1174 3941 1301 4002 tectum
1324 3934 1486 4023 lampadis
1509 3956 1655 4022 expone·

78 4060 183 4128 hatur
204 4058 325 4142 radiis,
347 4058 424 4125 inde
446 4081 467 4124 a
489 4055 550 4122 ⁴0·
571 4058 613 4125 ad
636 4054 752 4142 17⁰,37
773 4062 933 4142 recessit,
955 4061 984 4126 si
1008 4058 1145 4145 cylindri
1167 4059 1286 4142 radiis,
1310 4060 1352 4125 ad
1375 4056 1507 4143 21⁰,253
1530 4066 1657 4126 remota

80 4191 197 4252 autem
216 4181 354 4269 fuligine
376 4180 442 4249 illic
465 4182 507 4249 ad
531 4179 662 4267 19⁰,63,
692 4181 745 4249 lric
768 4182 809 4248 ad
835 4179 955 4264 19⁰,87.
1000 4185 1076 4250 Jam
1099 4186 1198 4270 igitur
1221 4183 1395 4251 discrimen
1417 4180 1511 4263 illud,
1541 4183 1658 4269 impari

84 4306 305 4375 cdeiactione
328 4306 493 4389 ellectum,
518 4311 554 4373 et
576 4306 724 4395 absorpti
747 4314 783 4373 et
804 4308 989 4374 transmissi
1013 4305 1131 4375 caloris
1154 4314 1389 4396 compensatur
1412 4308 1656 4392 conjunctione.

83 4428 268 4500 Calefactio
293 4431 377 4498 euim
400 4430 550 4497 dammae
572 4431 671 4498 radiis
693 4432 798 4498 minor
822 4434 954 4515 existit,
976 4436 1082 4520 major
1104 4455 1185 4501 vero
1207 4432 1427 4506 transmissiu;
1459 4436 1575 4497 contra
1598 4454 1656 4519 cy-

78 4554 180 4624 lindri
201 4553 303 4623 radiis
326 4553 501 4621 calefactio
524 4557 640 4642 major,
662 4557 768 4624 minor
790 4557 1005 4623 transmissio.

193 4680 396 4766 Interposita
424 4685 532 4748 autem
562 4677 705 4745 clrarta
733 4683 844 4748 tenui
875 4679 1113 4748 declinationes
1143 4678 1275 4747 sublata
1303 4675 1498 4765 fuligineis
1527 4686 1656 4747 contra-

83 4804 164 4870 riam
193 4810 323 4891 partem
352 4809 503 4889 aguntur.
553 4805 640 4870 Nam
667 4805 698 4871 si
726 4803 842 4871 charta
869 4803 1002 4891 iuligine
1030 4812 1121 4871 tecta
1149 4803 1299 4870 flammae
1332 4801 1432 4869 radiis
1467 4805 1655 4891 exponitur,

87 4925 264 4995 declinatio
288 4927 326 4994 tit
352 4924 480 5011 18⁰,37,
511 4930 541 4994 si
565 4927 722 5014 cylindri,
750 4925 883 5012 21⁶,133
913 4930 943 4995 si
972 4927 1087 4996 clrarta
1113 4946 1180 4994 non
1206 4933 1317 5011 tecta,
1344 4925 1410 4995 illic
1439 4925 1571 5010 22225,
1601 4924 1656 4991 lric

1237 5066 1253 5118 7
