4544 5918
1092 372 1165 447 100

453 600 482 662 7.
517 595 674 686 Corporis
696 596 836 686 alicujus
859 596 1004 666 calorem
1026 597 1198 666 emittendi
1218 595 1362 664 facultas
1383 617 1450 664 non
1472 596 1599 683 pendet
1621 620 1641 665 e
1664 594 1784 665 caloris
1807 596 1917 666 radio·

335 742 425 807 rum,
447 719 570 809 quibus
592 720 714 805 calefit,
735 728 852 789 natura
874 723 921 809 (p.
937 723 1017 801 30).
1855 710 1859 720 ’

451 847 481 910 8.
515 846 547 911 Α
570 844 803 914 diversissimis
827 846 1022 934 corporibus
1045 844 1179 928 solidis,
1207 846 1322 931 impari
1347 845 1566 912 crassitudine
1589 847 1773 933 imparique
1797 868 1915 933 super·

341 970 427 1038 ficiei
455 975 590 1054 natura,
619 971 761 1037 emissus
790 969 899 1053 calor,
928 969 1041 1058 quoad
1068 991 1155 1037 nunc
1184 967 1318 1056 quidem
1347 967 1517 1056 dijudicari
1545 976 1674 1056 potest,
1705 969 1858 1056 aequalis
1882 976 1917 1037 et

340 1092 482 1180 simplex
505 1100 661 1180 apparet,
685 1100 856 1181 utcunque
878 1095 963 1160 intra
985 1093 1103 1162 borum
1126 1095 1428 1180 experimentorum
1449 1095 1533 1162 fines
1556 1096 1590 1175 (i.
1608 1116 1635 1160 e.
1657 1090 1717 1157 25⁰
1740 1104 1774 1161 et
1793 1090 1915 1174 90⁰R.)
1953 1182 1956 1193 Ι

341 1221 379 1284 in
401 1217 465 1285 illis
487 1220 655 1295 excitatus
678 1223 731 1284 est
755 1218 801 1304 (p.
820 1219 871 1282 51.
888 1219 966 1297 bb).

452 1346 481 1407 9.
516 1342 674 1425 Diffusio,
710 1363 807 1428 quum
841 1343 875 1408 in
908 1363 1027 1428 aspera
1057 1342 1233 1429 superficie
1262 1341 1354 1408 calor
1383 1343 1524 1428 patitur,
1559 1364 1633 1409 cum
1664 1341 1783 1410 caloris
1811 1343 1916 1410 fontis

343 1472 563 1553 temperatura
585 1487 653 1532 non
676 1464 835 1533 cohaeret
857 1467 903 1551 (p.
920 1465 996 1543 91.).

455 1588 504 1653 10.
534 1587 631 1656 Calor
653 1588 796 1673 radians,
818 1590 848 1655 si
872 1587 990 1656 diffuse
1013 1589 1204 1675 reflectitur,
1228 1589 1452 1658 diversissime
1475 1587 1516 1656 ab
1540 1589 1614 1656 aliis
1638 1590 1771 1678 quidem
1795 1613 1915 1679 corpo·

339 1711 433 1780 ribus
456 1734 667 1801 magnopere,
690 1712 732 1779 ab
755 1712 827 1780 aliis
848 1711 939 1778 nullo
962 1713 1061 1780 modo
1084 1720 1238 1780 mutatur.
1280 1714 1316 1781 ln
1339 1736 1405 1781 runo
1429 1721 1539 1782 autem
1563 1714 1750 1803 eodemque
1774 1738 1915 1804 corpore

341 1839 541 1907 mutationes
562 1836 638 1904 illae
661 1859 680 1904 e
703 1835 891 1924 superficiei
913 1842 1029 1904 natura
1052 1858 1118 1903 non
1142 1836 1289 1925 pendent
1310 1839 1356 1925 (p.
1374 1838 1452 1916 60).

452 1962 503 2027 11.
540 1958 666 2028 Coloris
694 1963 728 2026 in
757 1959 875 2028 diffusa
903 1960 1084 2028 reflexione
1112 1964 1329 2029 mutationum
1357 1983 1460 2030 consa
1489 1968 1542 2029 est
1570 1984 1634 2030 uun
1665 1965 1771 2030 minus
1795 1963 1916 2031 caloris

342 2087 478 2152 fontium
503 2107 602 2172 quam
624 2106 749 2168 eorum,
773 2106 860 2171 quae
882 2083 969 2152 illum
992 2085 1180 2170 reflectunt,
1203 2108 1381 2174 corporum
1402 2093 1521 2153 natura
1544 2089 1593 2173 (p.
1612 2088 1690 2166 70).

452 2211 505 2277 lu.
537 2207 734 2277 Elfieiuntur
759 2207 834 2275 illae
860 2211 895 2275 in
922 2207 1136 2296 corporibus,
1172 2232 1258 2297 quae
1285 2209 1430 2278 calorem
1458 2210 1648 2292 reflectunt,
1683 2211 1914 2278 tantummodo

343 2332 504 2402 colectica
527 2332 669 2420 quadarn
690 2331 853 2400 radiorum
877 2331 1094 2420 absorptione
1118 2337 1164 2421 (p.
1181 2335 1260 2413 90).

455 2460 502 2522 10.
533 2455 775 2524 calefacientes
813 2464 848 2524 et
876 2454 1026 2525 visibiles
1063 2457 1145 2524 radii
1182 2479 1249 2525 non
1272 2458 1388 2527 eadem
1425 2462 1554 2527 ratione
1583 2459 1704 2528 diffuse
1737 2460 1913 2529 reflectun-

341 2588 397 2648 tur
418 2583 463 2667 (ρ.
485 2584 538 2647 01.
564 2584 642 2658 90).

451 2707 503 2770 la.
530 2702 656 2772 Caloris
684 2704 863 2786 radiorum,
894 2707 951 2791 qui
974 2705 1015 2772 ab
1046 2727 1110 2773 uuo
1142 2705 1329 2793 eodemque
1367 2729 1508 2795 corporo
1538 2721 1680 2792 exeunt,
1718 2711 1823 2796 maJor
1860 2713 1914 2775 est

345 2832 487 2897 varietas
509 2830 542 2894 in
563 2830 735 2916 superiore
765 2835 987 2916 temperatura
1017 2852 1116 2917 quam
1137 2832 1172 2897 in
1194 2832 1368 2915 inferiore,
1396 2853 1464 2898 non
1486 2852 1566 2898 vero
1590 2853 1722 2917 semper
1750 2853 1814 2897 una
1838 2852 1914 2898 cum

342 2951 562 3020 calefactione
584 2959 723 3039 augetur
753 2975 863 3040 neque
891 2953 979 3020 illius
1009 2975 1084 3021 cum
1107 2955 1278 3023 emittendi
1307 2954 1426 3022 caloris
1454 2954 1614 3022 facultate
1642 2957 1724 3022 ratio
1749 2955 1912 3041 quaedam

339 3080 464 3165 percipi
487 3082 601 3163 potest
623 3078 669 3163 (p.
695 3078 792 3157 101).

451 3202 500 3266 15.
524 3200 629 3284 Quam
653 3203 736 3269 certi
759 3200 893 3288 quidam
915 3202 1028 3270 fontes
1050 3203 1233 3271 secundum
1263 3204 1382 3272 coloris
1406 3203 1568 3272 radiorum
1599 3207 1794 3272 varietatem
1822 3226 1912 3271 corn-

337 3327 438 3412 positi
462 3324 609 3393 efficiunt
630 3327 767 3410 seriem,
797 3325 880 3393 baec
902 3324 1001 3413 plane
1025 3327 1141 3395 eadem
1164 3334 1217 3396 est
1248 3335 1350 3417 atque
1372 3329 1443 3414 illa,
1474 3352 1570 3417 quarn
1594 3328 1773 3417 praebent,
1804 3331 1833 3399 si
1856 3350 1912 3397 se·

338 3450 480 3517 cundum
504 3448 679 3519 visibilium
702 3450 864 3518 radiorum
888 3453 1083 3520 varietatem
1107 3452 1221 3521 ordine
1246 3452 1451 3522 collocuntur
1473 3459 1520 3542 (p.
1538 3456 1636 3533 101.).
