4634 5924
871 363 919 435 tid

788 461 1000 475 m

215 586 288 671 Qua
310 589 481 656 rationesi
503 586 626 655 caloris
641 587 772 670 fontes,
795 590 854 674 qui
869 593 969 656 antea
985 584 1244 668 adhibebantur,
1268 589 1354 654 inter
1369 610 1409 656 se
1424 593 1681 676 comparaveris,

103 714 302 783 mutuorum
324 711 488 779 radiorum
512 714 824 780 varietasmaxima
846 714 956 779 estin
979 711 1133 799 lampade
1156 711 1364 797 Argnudiua,
1387 714 1421 779 in
1449 711 1574 801 plotino
1605 737 1683 784 can·

104 840 204 905 dente
227 838 345 920 minor,
369 837 468 903 etiam
491 837 597 903 minor
620 837 652 903 in
676 834 991 921 alcobolisssamnra,
1015 838 1148 904 omniuo
1163 834 1251 903 nulla
1272 837 1306 903 in
1328 835 1478 924 cylindro
1501 840 1545 908 ad
1568 838 1684 908 ΒΝ.

104 962 279 1030 calefacto.

213 1084 313 1170 Quod
334 1084 421 1152 idem
445 1090 480 1151 et
502 1083 565 1151 alio
589 1084 691 1152 modo
713 1087 895 1153 examinari
917 1091 1043 1171 potest

209 1213 296 1277 Nam
323 1211 354 1276 si
376 1209 500 1277 diversi
528 1211 660 1295 generis
688 1210 852 1276 radiorum
876 1231 1048 1292 numerus,
1079 1233 1109 1276 r.
1132 1231 1162 1277 c.
1192 1229 1211 1276 e
1239 1208 1392 1298 lampade
1414 1210 1602 1297 Argandica
1624 1210 1679 1279 vel

99 1335 306 1404 Locatellina
332 1335 366 1399 iu
395 1333 526 1401 diversa
554 1355 696 1420 εοιροιιι
725 1332 951 1401 diatlrcrmana
977 1333 1109 1416 incidit,
1140 1331 1261 1401 diversi
1296 1336 1429 1420 generis
1456 1335 1556 1419 radii,
1591 1358 1679 1423 quae

101 1452 231 1523 illorum
255 1461 309 1524 est
330 1463 467 1541 natura,
489 1459 771 1541 transmittuntur3
795 1459 853 1546 qui
876 1457 1010 1545 quidem
1033 1479 1077 1525 ex
1099 1479 1165 1524 uno
1189 1456 1242 1525 rel
1264 1456 1369 1526 altero
1393 1480 1534 1546 corpore
1551 1480 1677 1528 exeun-

99 1584 153 1645 tes
176 1600 237 1666 per
258 1579 398 1648 alterurn
420 1580 679 1649 diathermnuam
708 1579 855 1649 tabularu
884 1584 1053 1671 impariter
1081 1588 1254 1669 permeant
1276 1582 1310 1661 ¹).
1355 1581 1449 1665 Quae
1481 1590 1551 1649 tum
1574 1605 1679 1671 appa-

98 1711 174 1771 rent
196 1704 404 1788 discrimina,
427 1704 513 1773 haud
535 1705 634 1774 dubie
658 1729 698 1773 eo
722 1711 847 1795 maj0ra
868 1713 966 1790 suut,
995 1730 1062 1794 quo
1090 1708 1198 1793 magis
1227 1709 1308 1773 varii
1330 1709 1435 1794 ipsius
1459 1706 1581 1775 caloris
1604 1708 1678 1774 iou·

97 1829 144 1894 tis
166 1827 258 1894 radii.
281 1864 324 1877 -
346 1829 386 1899 Si
408 1852 489 1898 vero
512 1853 611 1898 unurn
635 1832 735 1898 modo
758 1831 879 1899 caloris
901 1831 1066 1899 radiorum
1088 1853 1196 1917 genus
1218 1834 1250 1898 in
1273 1831 1328 1898 illu
1345 1853 1487 1919 corpora
1502 1831 1677 1915 incideret,

97 1952 145 2016 ita
168 1964 206 2018 ut
229 1976 325 2019 unum
349 1955 448 2022 modo
471 1976 643 2041 permeare
666 1964 802 2043 posset,
825 1959 858 2021 in
881 1954 986 2022 altera
1009 1956 1153 2043 quadam
1175 1958 1426 2024 transmissione
1445 1958 1579 2024 omuino
1602 1955 1676 2024 uul-

98 2074 151 2142 lae
174 2077 389 2146 diversitates
412 2078 685 2162 observarentur,
708 2083 741 2147 in
764 2102 967 2167 quocunque
990 2079 1218 2147 diatberrnano
1249 2102 1391 2168 corpure
1415 2079 1507 2147 calor
1528 2082 1620 2147 exiit

207 2202 324 2289 ltaque
348 2226 422 2271 cum
447 2203 537 2272 calor
560 2227 579 2270 a
603 2204 751 2290 cylindro
773 2207 858 2271 infra
881 2201 941 2270 90ο
959 2205 998 2271 R.
1024 2207 1167 2272 emissus
1189 2225 1323 2291 semper
1350 2205 1469 2273 eodem
1492 2206 1592 2273 modo
1615 2227 1677 2292 per

95 2327 217 2394 vinum
245 2326 395 2412 rubrum,
434 2331 551 2395 vitrum
580 2327 787 2412 coeruleum,
818 2328 963 2411 alumen,
1001 2327 1052 2395 sal
1085 2350 1255 2415 gemmae,
1291 2328 1448 2416 apatbuur
1485 2328 1676 2411 calcarium,

96 2472 241 2538 gypsum
268 2458 436 2535 nauseat,
463 2455 537 2519 sive
565 2476 625 2539 per
654 2453 776 2521 nullum
815 2452 873 2519 ille
903 2474 1027 2540 corpus
1056 2455 1273 2521 uansminns
1304 2460 1373 2537 est,
1402 2456 1474 2521 sive
1496 2475 1557 2540 per
1581 2451 1676 2534 ebur,

96 2575 245 2643 chartam
267 2578 514 2660 tenuissimam,
537 2579 673 2643 cariniui
695 2585 835 2644 stratum
858 2586 975 2661 tenue,
1005 2574 1148 2662 laruam,
1175 2580 1294 2645 vitrum
1322 2579 1451 2665 nigrum
1474 2577 1529 2645 vel
1553 2576 1675 2657 album,

95 2703 167 2768 sive
190 2722 252 2787 per
273 2698 364 2766 aliud
386 2702 609 2788 quodcunque
632 2723 756 2789 eorpus
779 2702 1039 2770 diathermanum
1062 2704 1121 2779 (cf.
1144 2725 1177 2789 ρ.
1200 2705 1284 2778 47.);
1309 2701 1374 2769 boo
1396 2703 1504 2788 ipsum
1534 2708 1587 2768 est
1614 2701 1675 2768 du·

95 2831 268 2908 eumenio,
300 2846 319 2891 a
348 2825 496 2913 cylindro
528 2849 626 2894 uuum
654 2826 754 2895 modo
789 2827 913 2895 caloris
941 2827 1102 2894 radiorum
1132 2847 1238 2912 genus
1261 2827 1366 2893 emitti
1387 2823 1424 2904 ¹).
1471 2824 1621 2908 Quocum
1644 2827 1674 2891 si

94 2948 175 3016 illud
200 2953 425 3036 conjungitur,
455 2951 546 3038 quod
574 2973 677 3039 supra
705 2955 758 3038 (ρ.
784 2953 851 3030 bl.)
881 2951 1142 3020 demonstratum
1171 2957 1242 3033 est,
1270 2949 1412 3018 calorem
1441 2949 1674 3017 adiversisai·

93 3076 158 3140 mis
180 3072 378 3160 corporibus
399 3074 516 3142 solidis
538 3079 623 3143 iuter
646 3072 758 3142 WB.
782 3082 818 3142 et
840 3075 901 3141 9⁰⁰
922 3078 963 3141 lt
988 3078 1145 3143 emissum
1169 3077 1286 3142 unius
1309 3074 1578 3162 ejusdemque
1605 3094 1673 3158 ge·

93 3200 207 3265 neris
230 3220 324 3267 ease:
348 3202 459 3267 iutra
481 3198 558 3269 lros
581 3200 742 3288 quidem
770 3207 1081 3288 temperaturae
1114 3202 1224 3268 flues
1252 3205 1393 3286 apparet
1421 3197 1573 3265 caloris
1606 3219 1673 3262 ra·

96 3325 188 3392 dius
225 3323 272 3392 ab
295 3324 481 3392 omnibus
503 3324 590 3392 illis
613 3328 805 3409 emissos,
830 3334 867 3393 ut
897 3323 1009 3393 verbis
1032 3331 1106 3391 utar
1133 3322 1358 3391 blellouianne
1380 3321 1630 3407 terminologiae
1647 3316 1675 3400 ⁸)

94 3448 272 3532 similibus,
298 3453 445 3533 „unius
467 3449 737 3538 ejusdemque
761 3471 858 3519 esse
881 3448 1071 3516 coloris.'’

204 3684 225 3740 ¹)
249 3682 400 3733 Mellonl.
430 3681 465 3732 cl.
483 3682 623 3733 dissertat.
640 3695 666 3745 p.
679 3679 703 3733 7.
722 3685 781 3734 not.
792 3680 818 3733 4

203 3790 226 3845 ¹)
250 3789 285 3837 Ut
308 3788 335 3839 in
360 3786 495 3850 prioribus
517 3788 721 3851 experimentis,
744 3787 770 3838 sl
794 3752 913 3851 cylindri
935 3790 1118 3849 temperatura
1139 3776 1188 3835 90·
1205 3784 1235 3834 lt.
1258 3781 1393 3843 excessit,
1418 3783 1495 3834 calor
1519 3797 1536 3832 a
1554 3781 1671 3834 dirersis

94 3894 258 3959 corporibus
277 3891 375 3944 dillltse
394 3891 513 3944 reflexus
532 3892 706 3945 diversitates
724 3893 872 3956 praebebat
889 3896 929 3955 (p.
946 3887 1015 3949 tor:
1039 3888 1080 3940 aic
1098 3889 1140 3940 bic
1158 3901 1266 3953 quoque
1284 3889 1359 3941 ultra
1375 3886 1452 3938 illurn
1476 3885 1555 3938 finem
1572 3886 1672 3939 discri-

92 4003 163 4052 mina
180 4006 320 4064 apparent.

197 4108 264 4157 Nam
282 4118 343 4157 eum
361 4107 467 4157 ealora
478 4106 605 4170 cylindro
618 4106 756 4157 metallico
774 4106 844 4156 lurra
862 4101 911 4157 90·
923 4107 953 4156 n.
971 4100 1104 4169 emissus,
1122 4103 1227 4153 directa
1244 4097 1293 4153 35·
1305 4099 1487 4151 declinatione
1505 4099 1669 4162 interpositu

91 4214 165 4265 vitro
189 4214 288 4274 rubro,
315 4223 393 4262 acum
418 4213 602 4269 tantummodo
624 4213 658 4262 ad
683 4209 754 4278 lo·,1
781 4210 950 4273 deflecteret,
973 4209 1034 4261 slve
1058 4222 1106 4272 per
1128 4210 1233 4259 nullum
1255 4220 1371 4274 corpus,
1393 4207 1453 4257 alre
1476 4219 1526 4268 per
1549 4209 1670 4257 simum

96 4325 203 4370 tenuem
227 4319 271 4368 rel
297 4319 393 4368 vitrum
415 4319 506 4368 album
532 4318 711 4369 transmissus
734 4322 778 4381 (p.
797 4315 868 4375 tin:
893 4322 969 4368 certa
991 4317 1102 4380 quadam
1126 4315 1269 4378 superlore
1293 4318 1489 4377 temperatura,
1512 4312 1604 4363 eadem
1622 4308 1671 4363 35·

93 4424 275 4476 declinatione
297 4423 463 4487 interposito
482 4423 555 4474 vitro
573 4425 670 4488 rubro,
693 4423 717 4475 si
737 4436 786 4487 per
804 4424 909 4474 nullum
927 4435 1028 4486 corpus
1050 4421 1210 4482 transierat,
1234 4420 1440 4472 declinationem
1459 4413 1548 4481 1⁰·,75
1566 4416 1672 4483 eilecit,

90 4533 116 4583 al
134 4544 185 4595 per
203 4533 322 4582 cbartarn
343 4526 447 4594 litto,
467 4528 491 4580 sl
509 4541 557 4592 per
576 4529 674 4581 vluna
693 4531 782 4581 album
803 4526 902 4595 litii.
922 4554 957 4566 -
975 4527 1077 4581 similla
1094 4532 1183 4580 autem
1201 4526 1228 4578 in
1249 4526 1351 4578 ceteris
1370 4524 1529 4588 corporibus
1549 4524 1671 4577 diatim·

91 4639 177 4690 mania
196 4638 344 4689 observata
362 4640 435 4687 suut.

195 4741 316 4807 cogitari
329 4741 427 4807 possit,
444 4742 545 4794 caloris
563 4743 631 4793 bauo
649 4740 677 4793 lu
695 4742 841 4814 superlore
860 4748 1043 4807 temperatura
1060 4741 1154 4794 emissi
1173 4740 1347 4793 mutationem
1365 4740 1514 4791 cohaerere
1532 4751 1593 4790 oum
1612 4736 1670 4802 llla,

88 4863 160 4916 quae
184 4853 330 4901 crescente
348 4851 531 4911 temperatura
553 4847 582 4899 lu
601 4850 695 4901 calore
712 4845 745 4900 lit
761 4846 898 4914 specilieo.

200 4957 223 5013 ·)
247 4955 280 5008 cl.
296 4955 434 5007 dissertat.
453 4970 478 5020 p.
490 4952 515 5010 d.
535 4967 590 5009 aot.
603 4953 628 5008 2.
