4544 5918
510 2557 676 2624 totototo
706 2556 1062 2624 10,5010,5010‚5010,25
1093 2559 1257 2624 totototo
1285 2561 1362 2624 luto
1374 2560 1450 2626 1035
1478 2546 1556 2626 1035
1568 2558 1645 2624 luto
1675 2558 1753 2626 tuto
1763 2560 1839 2624 1⁰35
1869 2560 1947 2626 1⁰‚5o
1959 2560 2035 2626 1050

176 2950 324 3040 Semper
346 2949 496 3039 quidem,
521 2952 606 3017 vitro
631 2947 730 3016 rubro
751 2952 969 3036 interposito,
995 2948 1172 3017 declinatio
1196 2947 1417 3034 3⁰‚25-3⁰,5
1439 2944 1657 3037 observatur,¹

69 3075 188 3164 spatho
211 3082 325 3143 autem
346 3069 548 3158 9⁰‚t-ld⁰‚
577 3076 650 3140 sive
680 3073 806 3140 directa
833 3073 898 3140 illic
924 3070 990 3156 13⁰,
1018 3073 1073 3141 hie
1096 3071 1156 3139 3⁰⁰
1179 3073 1356 3142 declinatio
1379 3073 1518 3160 cylindri
1540 3072 1653 3142 calore

67 3223 135 3270 uon
159 3200 306 3284 reflexo,
335 3200 408 3266 sive
437 3199 561 3266 rellexo
591 3196 634 3263 ab
663 3196 729 3264 ullo
759 3220 888 3282 eorum,
920 3198 962 3266 de
991 3197 1114 3286 quibus
1141 3199 1301 3283 diximus,
1330 3220 1505 3285 corporum
1529 3198 1653 3265 effecta

67 3331 191 3393 est-
213 3323 342 3395 Similia
363 3325 398 3389 in
420 3322 536 3390 reflexi
560 3320 682 3389 caloris
704 3343 766 3407 per
788 3329 902 3391 cetero
925 3345 1067 3412 corpora
1084 3322 1311 3391 diathermaua
1326 3323 1469 3391 transitu
1484 3324 1651 3390 eveniunt.

176 3449 297 3537 ltaque
330 3446 388 3513 illo
421 3468 583 3533 corpora,
617 3468 756 3533 quorum
792 3447 929 3514 retlexio
962 3451 1088 3535 pariter
1117 3448 1220 3515 aflicit
1247 3447 1409 3536 lampadis
1439 3446 1651 3533 Argandieae

63 3574 195 3659 radios,
226 3579 263 3641 et
289 3573 397 3659 ipsum
426 3577 613 3639 ceterorum
641 3573 782 3638 fontium
811 3571 954 3639 calorem
982 3573 1105 3659 pariter
1132 3573 1319 3639 reflectunt.
1365 3569 1466 3640 Calor
1490 3572 1575 3639 enim
1598 3594 1650 3657 re·

57 3704 176 3795 jeetns
198 3696 241 3764 ab
264 3702 405 3784 argento
430 3701 464 3762 et
485 3697 573 3762 terro
595 3697 704 3782 nigro,
728 3698 872 3763 aserico
897 3694 972 3763 albo
996 3701 1030 3763 et
1051 3697 1159 3783 nigro,
1181 3719 1291 3784 panno
1315 3696 1412 3763 laneo
1437 3718 1523 3767 cauo
1547 3701 1582 3764 et
1601 3698 1648 3762 ni-

62 3845 135 3911 gro,
151 3844 173 3889 a
183 3823 354 3909 pigmento
367 3818 432 3888 olei
447 3817 523 3886 albo
540 3825 574 3887 et
587 3818 684 3888 lanea
694 3820 801 3905 nigra,
814 3821 907 3887 corio
921 3820 1006 3888 llavo
1020 3826 1055 3887 et
1070 3819 1160 3887 aluta
1168 3823 1313 3888 Tureien
1324 3823 1434 3908 fusca,
1451 3819 1560 3888 alana
1571 3817 1648 3885 alba

62 3953 100 4015 et
119 3945 231 4028 rubra,
255 3943 424 4014 cinnabari
447 3950 482 4012 et
504 3966 608 4031 cupro
640 3943 808 4031 oxydato,
836 3946 867 4011 si
894 3946 1070 4011 transitum
1092 3951 1229 4033 spectes
1252 3969 1313 4034 per
1342 3948 1451 4014 omnia
1472 3945 1647 4032 hucusque

60 4069 212 4139 adhibita
234 4090 376 4156 corpora
398 4067 642 4152 diathermana‚
665 4070 699 4134 in
721 4067 859 4155 singulis
883 4067 947 4133 illis
970 4068 1107 4155 paribus
1130 4093 1264 4158 semper
1285 4071 1375 4139 idem
1398 4078 1546 4158 apparet.

174 4191 333 4264 Ceterum
361 4194 506 4282 priorum
534 4192 721 4260 tabularum
750 4196 803 4281 (p.
826 4192 867 4258 73
883 4227 927 4239 -
943 4192 1005 4275 ⁷8)
1034 4196 1177 4281 numeri,
1207 4198 1266 4285 qui
1295 4196 1410 4265 rellexi
1440 4193 1645 4262 diversorum

60 4321 200 4388 fontium
224 4317 348 4388 caloris
370 4317 559 4386 discrimina
580 4317 759 4404 praebent,
790 4339 809 4386 e
833 4322 1004 4407 quaternis
1032 4329 1110 4389 sunt
1132 4321 1251 4407 modii,
1280 4322 1504 4409 posteriorum
1531 4321 1580 4407 (p.
1603 4319 1646 4384 8⁰

60 4444 181 4523 -83)
202 4467 223 4513 e
245 4442 335 4511 binis
358 4446 605 4531 experimentis.
648 4444 725 4511 Hoc
753 4451 866 4512 autem
888 4443 1045 4513 sulficere
1067 4445 1147 4513 milri
1168 4448 1275 4514 visum
1298 4451 1369 4529 est,
1399 4447 1560 4531 quoniam
1581 4444 1647 4513 hoc

58 4569 144 4637 loco
174 4567 325 4638 ltin'orum
358 4569 587 4637 tantummodo
622 4590 799 4658 corporum
834 4575 990 4638 accurata
1021 4570 1186 4656 agebatur
1214 4571 1416 4657 comparatio
1424 4592 1434 4655 3
1469 4577 1646 4658 praeterea

60 4693 248 4782 aequalitas
272 4694 404 4787 omniuo
428 4696 535 4761 miuus
559 4692 662 4762 fallax
686 4717 763 4764 esse
786 4694 935 4779 videtur,
959 4716 1056 4784 quam
1082 4694 1267 4763 diversitas.

173 4818 210 4886 ln
239 4828 441 4907 conspectu,
471 4821 527 4908 qui
556 4823 723 4907 sequitur,
753 4821 797 4886 ad
824 4821 958 4888 ordines
986 4823 1175 4907 composita
1201 4826 1280 4888 sunt
1304 4842 1345 4887 ea
1367 4841 1526 4909 corpora,
1557 4839 1642 4906 quae

59 4941 185 5011 caloris
206 4944 319 5013 radios
343 4944 462 5011 diffuse
483 4946 531 5011 ita
550 4945 749 5029 reflectunt,
773 4951 810 5011 nt
831 4951 1045 5014 transeuntes
1067 4944 1111 5011 illi
1134 4967 1194 5031 per
1210 4948 1331 5012 vitrum
1348 4944 1500 5028 rubrum,
1523 4945 1643 5009 vitrum

60 5066 272 5157 coeruleum,
295 5067 445 5156 alumen,
469 5066 521 5135 sal
544 5091 713 5157 gemmae,
736 5070 892 5161 spathum
917 5070 1092 5140 calcarium
1099 5119 1110 5160 ,
1140 5093 1286 5163 gypsum
1308 5073 1393 5140 inter
1415 5090 1454 5136 se
1478 5066 1645 5154 destingni

1380 5185 1436 5245 11*
