4544 5918
1459 372 1506 449 ad

1375 474 1585 486 *-

691 609 835 693 utraque
858 598 1004 667 facultas
1027 599 1070 666 ad
1092 604 1216 666 certum
1243 597 1406 686 quendam
1429 597 1538 683 finem,
1565 605 1739 668 crescente
1762 620 1935 686 corporum
1959 597 2182 666 crassitudine
2205 620 2265 665 au·

694 733 805 816 geter,
828 724 1048 793 decrescente
1071 724 1232 790 minuitur.

805 849 989 936 Utriusque
1019 852 1129 914 autem
1152 848 1352 933 comparatio
1375 850 1499 914 nonin
1519 848 1707 914 universum
1730 846 1821 916 valet
1841 850 1874 915 in
1903 847 2093 916 divorsis
2116 868 2264 934 corpo·

695 973 828 1058 ribus,
857 973 888 1039 lr.
912 995 942 1040 e.
966 992 1116 1058 corpus
1146 967 1360 1058 quoddam,
1391 973 1443 1039 cui
1471 974 1503 1037 in
1531 977 1622 1039 certa
1645 969 1785 1059 quadam
1808 977 2030 1060 temperatura
2052 996 2085 1039 v.
2108 993 2138 1038 c.
2160 974 2265 1061 maior

698 1104 751 1166 est
780 1097 950 1165 emittendi
980 1093 1098 1162 caloris
1128 1093 1286 1177 facultas,
1316 1116 1412 1182 vam
1442 1094 1511 1179 alii,
1537 1095 1664 1162 idcirco
1692 1117 1761 1162 non
1788 1094 1890 1163 habet
1916 1094 2119 1164 absorbendi
2142 1094 2264 1163 caloris

695 1223 864 1290 meliorem
886 1218 1091 1300 facultatem,
1116 1240 1213 1305 quam
1235 1218 1315 1285 illud
1336 1215 1368 1299 ¹).

805 1346 905 1411 Ratio
931 1346 1031 1426 enim,
1056 1364 1123 1430 qua
1145 1341 1268 1410 caloris
1291 1344 1419 1429 copiam
1442 1340 1623 1411 absorbent
1645 1364 1800 1430 corpora,
1829 1366 1903 1411 curn
1925 1350 2043 1412 natura
2066 1343 2190 1411 caloris
2211 1366 2262 1410 ra·

697 1471 833 1552 diorum,
858 1467 979 1555 quibus
1003 1469 1158 1553 exposita
1181 1474 1271 1548 sunt,
1293 1472 1438 1532 mutatur
1454 1462 1489 1548 ¹),
1512 1488 1621 1552 neque
1642 1469 1750 1535 minus
1772 1469 1893 1535 emissa
1916 1466 1958 1535 ab
1973 1471 2015 1535 iis
2031 1466 2154 1535 caloris
2169 1471 2261 1555 copia

698 1594 836 1660 diversis
860 1589 1106 1658 conditionibus
1132 1591 1262 1658 diversa
1286 1611 1362 1657 esse
1384 1590 1513 1657 videtur
1528 1585 1563 1671 ⁸).

807 1713 987 1783 Contendit
1009 1722 1117 1782 autem
1133 1712 1354 1782 ltlellonius
1370 1712 1407 1798 ⁴),
1432 1737 1451 1780 a
1475 1736 1612 1801 corpore
1636 1715 1792 1801 quodam,
1816 1715 1903 1803 quod
1926 1718 1959 1783 in
1984 1723 2077 1784 certa
2098 1713 2261 1797 (10⁰⁰G.)

695 1846 919 1928 temperatura
948 1838 1024 1927 plus
1053 1837 1174 1905 caloris
1204 1841 1346 1920 emittat,
1375 1860 1472 1925 quam
1502 1837 1605 1922 aliud,
1635 1839 1750 1906 eadem
1773 1842 1899 1906 ratione
1922 1845 1957 1906 et
1978 1839 2055 1927 plus
2078 1842 2206 1928 accipi,
2233 1843 2261 1906 si

697 1964 816 2032 caloris
838 1967 921 2031 fonti
945 1964 1092 2053 ejusdem
1116 1968 1358 2048 temperaturae
1381 1959 1552 2042 (100⁰C.)
1576 1971 1790 2049 exponantur.
1837 1963 2012 2046 Quaeritur
2033 1971 2162 2045 tamen,
2186 1988 2260 2031 num

696 2089 815 2158 calex
838 2090 1073 2175 experimentis
1095 2087 1351 2172 ingeniosissimi
1374 2089 1432 2152 viri
1456 2087 1680 2154 demonstrata
1702 2090 1762 2168 sit,
1792 2110 1865 2155 cum
1889 2088 1930 2154 ad
1952 2110 2014 2155 sex
2037 2095 2167 2155 tantum
2191 2111 2260 2156 car-

694 2236 777 2302 pora
799 2215 988 2300 pertineant
1011 2231 1188 2297 eorumque
1209 2213 1357 2296 ipsorum
1380 2210 1443 2276 duo
1467 2210 1590 2296 (fuligo
1614 2216 1649 2276 et
1670 2210 1857 2289 metallum)
1884 2211 1925 2278 ad
1949 2213 2180 2299 accipiendum
2204 2235 2259 2279 cu-

689 2340 801 2424 jusvis
824 2337 955 2421 generis
979 2331 1120 2400 calorem
1143 2336 1265 2420 pariter
1287 2333 1406 2399 idonea
1429 2337 1496 2401 sint
1519 2335 1577 2414 (cf.
1600 2358 1631 2420 p.
1649 2335 1682 2418 2,
1705 2340 1773 2401 not.
1791 2338 1827 2419 23
1849 2360 1882 2422 p.
1902 2339 1956 2419 23,
1979 2338 2085 2403 noto
2110 2344 2256 2425 except.;

692 2482 728 2543 p.
746 2460 819 2541 26),
841 2479 950 2546 neque
972 2461 1072 2544 igitur
1092 2461 1126 2523 in
1149 2479 1283 2524 censum
1307 2461 1419 2524 vocari
1440 2461 1588 2545 possint,
1617 2460 1645 2525 si
1668 2462 1851 2546 quaeritur,
1875 2481 1941 2546 qua
1963 2463 2093 2528 ratione
2116 2461 2261 2529 calorem

695 2604 715 2646 a
740 2582 883 2648 diversis
905 2582 1051 2648 fontibus
1075 2582 1230 2647 emissum
1253 2578 1464 2648 absorbeant.

804 2706 1033 2774 llumfordii
1051 2702 1075 2785 ⁵)
1099 2711 1208 2772 autem
1232 2711 1267 2772 et
1287 2705 1421 2772 Leslii
1439 2702 1464 2785 ⁸)
1488 2703 1776 2773 observationibus
1801 2728 1840 2772 ea
1864 2711 2019 2794 quaestio
2046 2730 2114 2775 non
2145 2710 2257 2798 dijudi-

694 2838 800 2917 catur,
825 2834 901 2919 quia
924 2829 1043 2897 inillis
1068 2831 1269 2897 diversorum
1294 2851 1465 2917 corporum
1491 2830 1661 2896 emittendi
1684 2838 1719 2898 et
1741 2830 1942 2898 absorbendi
1957 2831 2149 2900 facultatem
2164 2854 2258 2900 accu-

694 2964 764 3022 rate
796 2978 986 3041 comparare
1014 2978 1078 3022 non
1106 2956 1201 3040 licet;
1232 2978 1341 3043 neque
1370 2957 1475 3040 magis
1502 2950 1716 3038 ititehiii,
1753 2959 1809 3042 qui
1838 2977 1910 3022 cum
1940 2962 2116 3044 utramque
2148 2956 2257 3024 eadem

695 3081 822 3144 ratione
844 3082 950 3144 teneri
974 3079 1257 3145 demonstraturus
1282 3086 1391 3161 esset,
1419 3081 1451 3142 in
1476 3075 1779 3159 observationibus,
1808 3086 1971 3165 quatenus
1994 3079 2128 3165 quidem
2155 3063 2259 3148 editae

695 3207 789 3280 sunt,
817 3200 952 3284 fuligine
981 3222 1061 3266 usus
1091 3206 1146 3266 est
1169 3209 1203 3266 et
1225 3202 1378 3285 metallo,
1409 3225 1428 3269 e
1457 3201 1577 3290 quibus
1607 3223 1665 3269 cur
1686 3224 1752 3268 non
1775 3202 1892 3268 liceret
1914 3202 2021 3290 legem
2045 3205 2259 3274 universalem

696 3322 860 3408 quandam
885 3321 1054 3409 colligere,
1073 3327 1141 3410 jam
1164 3345 1264 3410 supra
1287 3324 1551 3410 significavimus.

1459 3491 1493 3564 3.

804 3622 1041 3711 Experimento
1064 3630 1174 3693 autem
1197 3625 1368 3714 hucusque
1391 3628 1542 3691 instituta
1565 3625 1642 3692 nilril
1664 3626 1788 3692 faciunt
1811 3625 1854 3692 ad
1875 3625 2069 3695 solvendam
2093 3632 2256 3718 quaestio·

694 3769 770 3838 nem
795 3769 877 3831 eam,
902 3771 987 3836 quae
1009 3757 1046 3817 ut
1067 3753 1321 3837 investigaretur
1343 3747 1465 3835 aliquid
1486 3751 1648 3818 interesse
1670 3749 1859 3817 videbatur:

804 4001 825 4057 ¹)
849 3997 997 4050 Molioni
1027 3997 1169 4049 L’institut
1186 4001 1219 4049 ii.
1237 3994 1281 4062 ⁸9,
1299 4011 1325 4060 p.
1343 3995 1387 4050 22.
1406 4025 1440 4036 -
1457 4000 1592 4064 Poggend.
1612 4001 1710 4051 Annai.
1728 4000 1841 4063 XXXV,
1860 3995 2006 4052 572—575.

802 4108 824 4164 ¹)
848 4105 955 4155 iisden
977 4103 1117 4154 Powsll.
1147 4105 1181 4154 cr.
1200 4106 1220 4156 i.
1238 4105 1256 4156 1.
1274 4103 1411 4155 dissertat.
1429 4120 1453 4167 p.
1472 4100 1514 4156 23.
1533 4108 1588 4156 not.
1607 4101 1634 4155 2.
1653 4104 1855 4155 -itieiionl
1886 4107 1922 4156 ct.
1939 4121 1965 4170 p.
1983 4102 2025 4157 23.
2044 4108 2146 4164 notit.

801 4211 823 4274 ’l
848 4211 972 4263 bestie.
1002 4213 1043 4260 An
1061 4209 1187 4271 experiar.
1204 4209 1315 4273 inquiry
1332 4212 1385 4259 cet.
1404 4223 1429 4272 p.
1447 4205 1508 4261 sii.
1528 4235 1561 4248 -
1579 4211 1647 4262 Bar.
1671 4211 1701 4260 li.
1723 4225 1789 4262 von
1810 4211 1942 4264 wrede.
1974 4215 2193 4283 sorumounger
2211 4220 2256 4270 red

694 4314 728 4363 de
746 4315 905 4370 sirandiuar.
923 4315 1096 4370 risturtorstr.
1116 4315 1196 4365 audet
1211 4317 1298 4366 Modo.
1317 4330 1342 4377 p.
1361 4309 1421 4367 250.
1439 4341 1473 4353 -
1491 4317 1628 4379 rorgoni.
1646 4317 1743 4367 unul.
1761 4318 1817 4380 LV,
1836 4315 1982 4370 175-177.

802 4425 826 4481 ⁴)
849 4420 928 4475 Mdm.
947 4426 980 4475 rie
997 4423 1100 4476 I'Aoad.
1119 4421 1193 4482 xii,
1213 4421 1273 4486 (rof.
1291 4421 1373 4479 iiiut).
1392 4443 1426 4459 -
1443 4421 1585 4474 L’instltut
1601 4424 1632 4472 Ν.
1650 4417 1694 4485 89,
1712 4437 1737 4486 p.
1757 4418 1799 4473 22.
1818 4448 1851 4462 -
1874 4426 2013 4489 Poggend.
2031 4430 2129 4481 Arnai.
2148 4431 2256 4496 XXXV,

693 4520 754 4575 575.
772 4526 897 4590 XXXIX,
916 4526 975 4580 563.

806 4634 827 4687 ¹)
851 4628 995 4685 ittdmoires
1013 4650 1063 4688 aur
1080 4637 1109 4686 ia
1126 4635 1245 4685 ctaicur.
1264 4657 1298 4670 -
1321 4635 1449 4684 abbundi.
1469 4634 1512 4684 rib.
1532 4632 1575 4683 dia
1593 4633 1713 4685 Wrirme.
1737 4649 1763 4698 p.
1782 4633 1843 4688 lii.
1863 4632 1927 4699 123,
1953 4631 2011 4688 131.
2029 4635 2095 4702 322,
2120 4638 2180 4695 iti.
2198 4637 2255 4701 322,

696 4733 757 4791 iit.
777 4731 836 4788 llll).
855 4760 889 4772 -
908 4737 976 4786 suo.
995 4742 1092 4791 Annal.
1111 4742 1199 4802 xvii,
1217 4736 1330 4792 iit-ti.

806 4843 828 4900 ⁸)
854 4845 894 4891 Au
912 4842 1036 4902 experiri.
1055 4846 1165 4910 toquiry
1183 4852 1236 4898 cat.

806 4949 825 5011 ¹)
849 4950 945 4999 Journ.
965 4947 1052 4998 ottae
1070 4953 1159 5013 nopai
1177 4952 1343 5004 institution.
1362 4952 1393 5001 N.
1410 4952 1456 5017 iv,
1474 4966 1499 5016 p.
1518 4945 1580 5004 305.
1598 4974 1632 4991 ···
1649 4953 1783 5017 Paggend.
1802 4956 1898 5007 danai.
1916 4957 2040 5021 xxviii,
2057 4954 2208 5016 did-38⁰.
