<?xml version="1.0" encoding="UTF-8"?>
<!DOCTYPE html PUBLIC "-//W3C//DTD XHTML 1.0 Transitional//EN"
    "http://www.w3.org/TR/xhtml1/DTD/xhtml1-transitional.dtd">
<html xmlns="http://www.w3.org/1999/xhtml" xml:lang="en" lang="en">
 <head>
  <title>
</title>
<meta http-equiv="Content-Type" content="text/html;charset=utf-8" />
  <meta name='ocr-system' content='tesseract 3.04.00' />
  <meta name='ocr-capabilities' content='ocr_page ocr_carea ocr_par ocr_line ocrx_word'/>
</head>
<body>
  <div class='ocr_page' id='page_1' title='image "./decaloreradiant00knobgoog_0072.png"; bbox 0 0 4544 5918; ppageno 0'>
   <div class='ocr_carea' id='block_1_1' title="bbox 1449 336 1497 410">
    <p class='ocr_par' dir='ltr' id='par_1_1' title="bbox 1449 336 1497 410">
     <span class='ocr_line' id='line_1_1' title="bbox 1449 336 1497 410; baseline -0.021 0"><span class='ocrx_word' id='word_1_1' title='bbox 1449 336 1497 410; x_wconf 77' lang='lat'><strong>52</strong></span> 
     </span>
    </p>
   </div>
   <div class='ocr_carea' id='block_1_2' title="bbox 1369 433 1579 450">
    <p class='ocr_par' dir='ltr' id='par_1_2' title="bbox 1369 433 1579 450">
     <span class='ocr_line' id='line_1_2' title="bbox 1369 433 1579 450; baseline -0.014 -2"><span class='ocrx_word' id='word_1_2' title='bbox 1369 433 1579 450; x_wconf 41' lang='lat' dir='ltr'>ff</span> 
     </span>
    </p>
   </div>
   <div class='ocr_carea' id='block_1_3' title="bbox 662 555 2267 3866">
    <p class='ocr_par' dir='ltr' id='par_1_3' title="bbox 689 555 2262 877">
     <span class='ocr_line' id='line_1_3' title="bbox 797 555 2262 646; baseline -0.003 -18"><span class='ocrx_word' id='word_1_3' title='bbox 797 561 980 628; x_wconf 78' lang='lat' dir='ltr'><strong>Praeterea</strong></span> <span class='ocrx_word' id='word_1_4' title='bbox 1001 580 1082 628; x_wconf 84' lang='lat' dir='ltr'><strong>vero</strong></span> <span class='ocrx_word' id='word_1_5' title='bbox 1104 558 1176 643; x_wconf 88' lang='lat' dir='ltr'><strong>illa,</strong></span> <span class='ocrx_word' id='word_1_6' title='bbox 1205 578 1291 646; x_wconf 89' lang='lat' dir='ltr'><strong>quae</strong></span> <span class='ocrx_word' id='word_1_7' title='bbox 1317 579 1417 646; x_wconf 87' lang='lat' dir='ltr'><strong>supra</strong></span> <span class='ocrx_word' id='word_1_8' title='bbox 1445 561 1645 642; x_wconf 79' lang='lat' dir='ltr'><strong>invenimus,</strong></span> <span class='ocrx_word' id='word_1_9' title='bbox 1679 578 1820 626; x_wconf 87' lang='lat' dir='ltr'><strong>novam</strong></span> <span class='ocrx_word' id='word_1_10' title='bbox 1851 557 2048 644; x_wconf 89' lang='lat' dir='ltr'><strong>quandam</strong></span> <span class='ocrx_word' id='word_1_11' title='bbox 2080 555 2262 624; x_wconf 87' lang='lat' dir='ltr'><strong>ostendunt</strong></span> 
     </span>
     <span class='ocr_line' id='line_1_4' title="bbox 689 680 2261 770; baseline -0.003 -19"><span class='ocrx_word' id='word_1_12' title='bbox 689 689 794 752; x_wconf 90' lang='lat' dir='ltr'><strong>viam</strong></span> <span class='ocrx_word' id='word_1_13' title='bbox 819 691 859 753; x_wconf 91' lang='lat' dir='ltr'><strong>et</strong></span> <span class='ocrx_word' id='word_1_14' title='bbox 880 688 1080 752; x_wconf 86' lang='lat' dir='ltr'><strong>rationem</strong></span> <span class='ocrx_word' id='word_1_15' title='bbox 1104 680 1380 770; x_wconf 80' lang='lat' dir='ltr'><strong>disquirendi,</strong></span> <span class='ocrx_word' id='word_1_16' title='bbox 1408 689 1539 749; x_wconf 89' lang='lat' dir='ltr'><strong>utrum</strong></span> <span class='ocrx_word' id='word_1_17' title='bbox 1569 704 1720 770; x_wconf 90' lang='lat' dir='ltr'><strong>corpus</strong></span> <span class='ocrx_word' id='word_1_18' title='bbox 1749 681 1920 770; x_wconf 81' lang='lat' dir='ltr'><strong>aliquod</strong></span> <span class='ocrx_word' id='word_1_19' title='bbox 1943 682 2103 749; x_wconf 90' lang='lat' dir='ltr'><strong>omnino</strong></span> <span class='ocrx_word' id='word_1_20' title='bbox 2126 686 2261 747; x_wconf 88' lang='lat' dir='ltr'><strong>trans-</strong></span> 
     </span>
     <span class='ocr_line' id='line_1_5' title="bbox 691 806 1322 877; baseline -0.002 -2"><span class='ocrx_word' id='word_1_21' title='bbox 691 813 827 877; x_wconf 87' lang='lat' dir='ltr'><strong>mittat</strong></span> <span class='ocrx_word' id='word_1_22' title='bbox 850 808 1001 876; x_wconf 90' lang='lat' dir='ltr'><strong>caloris</strong></span> <span class='ocrx_word' id='word_1_23' title='bbox 1023 806 1163 873; x_wconf 88' lang='lat' dir='ltr'><strong>radios</strong></span> <span class='ocrx_word' id='word_1_24' title='bbox 1184 828 1322 875; x_wconf 90' lang='lat' dir='ltr'><strong>necne.</strong></span> 
     </span>
    </p>

    <p class='ocr_par' dir='ltr' id='par_1_4' title="bbox 689 909 2265 1636">
     <span class='ocr_line' id='line_1_6' title="bbox 800 909 2260 1021; baseline -0.003 -22"><span class='ocrx_word' id='word_1_25' title='bbox 800 933 973 1021; x_wconf 86' lang='lat' dir='ltr'><strong>Inprimis</strong></span> <span class='ocrx_word' id='word_1_26' title='bbox 996 935 1107 1000; x_wconf 89' lang='lat' dir='ltr'><strong>autem</strong></span> <span class='ocrx_word' id='word_1_27' title='bbox 1129 930 1290 1020; x_wconf 87' lang='lat' dir='ltr'><strong>ejusmodi</strong></span> <span class='ocrx_word' id='word_1_28' title='bbox 1319 928 1608 998; x_wconf 89' lang='lat' dir='ltr'><strong>observationibus</strong></span> <span class='ocrx_word' id='word_1_29' title='bbox 1635 909 1879 999; x_wconf 78' lang='lat' dir='ltr'><strong>transmittendi</strong></span> <span class='ocrx_word' id='word_1_30' title='bbox 1909 951 2086 1018; x_wconf 87' lang='lat' dir='ltr'><strong>corporum</strong></span> <span class='ocrx_word' id='word_1_31' title='bbox 2116 949 2260 1017; x_wconf 89' lang='lat' dir='ltr'><strong>quorun·</strong></span> 
     </span>
     <span class='ocr_line' id='line_1_7' title="bbox 693 1032 2258 1142; baseline -0.003 -18"><span class='ocrx_word' id='word_1_32' title='bbox 693 1058 766 1125; x_wconf 91' lang='lat' dir='ltr'><strong>dam</strong></span> <span class='ocrx_word' id='word_1_33' title='bbox 789 1054 932 1123; x_wconf 88' lang='lat' dir='ltr'><strong>facultas</strong></span> <span class='ocrx_word' id='word_1_34' title='bbox 955 1054 1033 1120; x_wconf 94' lang='lat' dir='ltr'><strong>iude</strong></span> <span class='ocrx_word' id='word_1_35' title='bbox 1057 1053 1309 1142; x_wconf 81' lang='lat' dir='ltr'><strong>conjiciebatur,</strong></span> <span class='ocrx_word' id='word_1_36' title='bbox 1338 1054 1446 1142; x_wconf 91' lang='lat' dir='ltr'><strong>quod,</strong></span> <span class='ocrx_word' id='word_1_37' title='bbox 1475 1060 1552 1121; x_wconf 81' lang='lat' dir='ltr'><strong>ante</strong></span> <span class='ocrx_word' id='word_1_38' title='bbox 1575 1052 1696 1122; x_wconf 90' lang='lat' dir='ltr'><strong>caloris</strong></span> <span class='ocrx_word' id='word_1_39' title='bbox 1717 1055 1842 1122; x_wconf 87' lang='lat' dir='ltr'><strong>fontem</strong></span> <span class='ocrx_word' id='word_1_40' title='bbox 1863 1055 1984 1141; x_wconf 88' lang='lat' dir='ltr'><strong>positis</strong></span> <span class='ocrx_word' id='word_1_41' title='bbox 2002 1032 2091 1142; x_wconf 88' lang='lat' dir='ltr'><strong>illis,</strong></span> <span class='ocrx_word' id='word_1_42' title='bbox 2114 1051 2258 1119; x_wconf 89' lang='lat' dir='ltr'><strong>thermo·</strong></span> 
     </span>
     <span class='ocr_line' id='line_1_8' title="bbox 690 1175 2263 1268; baseline -0.004 -20"><span class='ocrx_word' id='word_1_43' title='bbox 690 1183 841 1268; x_wconf 88' lang='lat' dir='ltr'><strong>scopium</strong></span> <span class='ocrx_word' id='word_1_44' title='bbox 870 1201 910 1247; x_wconf 90' lang='lat' dir='ltr'><strong>ea</strong></span> <span class='ocrx_word' id='word_1_45' title='bbox 937 1180 1063 1244; x_wconf 88' lang='lat' dir='ltr'><strong>ratione</strong></span> <span class='ocrx_word' id='word_1_46' title='bbox 1091 1177 1314 1263; x_wconf 86' lang='lat' dir='ltr'><strong>alliciebatur,</strong></span> <span class='ocrx_word' id='word_1_47' title='bbox 1345 1200 1431 1264; x_wconf 90' lang='lat' dir='ltr'><strong>quae</strong></span> <span class='ocrx_word' id='word_1_48' title='bbox 1459 1181 1606 1265; x_wconf 88' lang='lat' dir='ltr'><strong>ipsorum</strong></span> <span class='ocrx_word' id='word_1_49' title='bbox 1635 1200 1809 1266; x_wconf 89' lang='lat' dir='ltr'><strong>corporum</strong></span> <span class='ocrx_word' id='word_1_50' title='bbox 1840 1177 2051 1252; x_wconf 80' lang='lat' dir='ltr'><strong>calefactioni</strong></span> <span class='ocrx_word' id='word_1_51' title='bbox 2073 1175 2175 1243; x_wconf 87' lang='lat' dir='ltr'><strong>tribui</strong></span> <span class='ocrx_word' id='word_1_52' title='bbox 2198 1197 2263 1244; x_wconf 91' lang='lat' dir='ltr'><strong>uon</strong></span> 
     </span>
     <span class='ocr_line' id='line_1_9' title="bbox 690 1300 2265 1392; baseline -0.004 -20"><span class='ocrx_word' id='word_1_53' title='bbox 690 1312 820 1392; x_wconf 90' lang='lat' dir='ltr'><strong>posset,</strong></span> <span class='ocrx_word' id='word_1_54' title='bbox 844 1300 897 1368; x_wconf 87' lang='lat' dir='ltr'><strong>vel</strong></span> <span class='ocrx_word' id='word_1_55' title='bbox 920 1303 997 1388; x_wconf 86' lang='lat' dir='ltr'><strong>quia</strong></span> <span class='ocrx_word' id='word_1_56' title='bbox 1020 1300 1251 1368; x_wconf 78' lang='lat' dir='ltr'><strong>calefactionis</strong></span> <span class='ocrx_word' id='word_1_57' title='bbox 1274 1304 1307 1368; x_wconf 93' lang='lat' dir='ltr'><strong>in</strong></span> <span class='ocrx_word' id='word_1_58' title='bbox 1328 1304 1579 1369; x_wconf 81' lang='lat' dir='ltr'><strong>instrumentum</strong></span> <span class='ocrx_word' id='word_1_59' title='bbox 1598 1305 1649 1369; x_wconf 85' lang='lat' dir='ltr'><strong>vis</strong></span> <span class='ocrx_word' id='word_1_60' title='bbox 1665 1301 1824 1389; x_wconf 88' lang='lat' dir='ltr'><strong>impedita</strong></span> <span class='ocrx_word' id='word_1_61' title='bbox 1839 1311 1923 1384; x_wconf 87' lang='lat' dir='ltr'><strong>erat,</strong></span> <span class='ocrx_word' id='word_1_62' title='bbox 1946 1300 2001 1368; x_wconf 88' lang='lat' dir='ltr'><strong>vel</strong></span> <span class='ocrx_word' id='word_1_63' title='bbox 2016 1303 2096 1388; x_wconf 88' lang='lat' dir='ltr'><strong>qnia</strong></span> <span class='ocrx_word' id='word_1_64' title='bbox 2110 1300 2265 1368; x_wconf 80' lang='lat' dir='ltr'><strong>affectio·</strong></span> 
     </span>
     <span class='ocr_line' id='line_1_10' title="bbox 689 1423 2263 1513; baseline -0.003 -19"><span class='ocrx_word' id='word_1_65' title='bbox 689 1450 752 1494; x_wconf 92' lang='lat' dir='ltr'><strong>nes</strong></span> <span class='ocrx_word' id='word_1_66' title='bbox 779 1425 855 1493; x_wconf 89' lang='lat' dir='ltr'><strong>illae</strong></span> <span class='ocrx_word' id='word_1_67' title='bbox 883 1424 1002 1490; x_wconf 91' lang='lat' dir='ltr'><strong>iisdem</strong></span> <span class='ocrx_word' id='word_1_68' title='bbox 1031 1425 1273 1492; x_wconf 90' lang='lat' dir='ltr'><strong>conditionibus</strong></span> <span class='ocrx_word' id='word_1_69' title='bbox 1301 1424 1544 1508; x_wconf 89' lang='lat' dir='ltr'><strong>minuebantur,</strong></span> <span class='ocrx_word' id='word_1_70' title='bbox 1580 1425 1700 1513; x_wconf 89' lang='lat' dir='ltr'><strong>quibos</strong></span> <span class='ocrx_word' id='word_1_71' title='bbox 1727 1424 1848 1492; x_wconf 89' lang='lat' dir='ltr'><strong>caloris</strong></span> <span class='ocrx_word' id='word_1_72' title='bbox 1877 1423 2060 1511; x_wconf 88' lang='lat' dir='ltr'><strong>augebatur</strong></span> <span class='ocrx_word' id='word_1_73' title='bbox 2088 1423 2263 1510; x_wconf 78' lang='lat' dir='ltr'><strong>absorptio</strong></span> 
     </span>
     <span class='ocr_line' id='line_1_11' title="bbox 691 1550 1167 1636; baseline -0.008 -19"><span class='ocrx_word' id='word_1_74' title='bbox 691 1551 749 1628; x_wconf 90' lang='lat' dir='ltr'><strong>(cf.</strong></span> <span class='ocrx_word' id='word_1_75' title='bbox 772 1572 805 1636; x_wconf 91' lang='lat' dir='ltr'><strong>p.</strong></span> <span class='ocrx_word' id='word_1_76' title='bbox 822 1551 853 1630; x_wconf 88' lang='grc'><strong>6,</strong></span> <span class='ocrx_word' id='word_1_77' title='bbox 875 1555 942 1615; x_wconf 90' lang='lat' dir='ltr'><strong>not.</strong></span> <span class='ocrx_word' id='word_1_78' title='bbox 960 1553 998 1632; x_wconf 77' lang='lat'><strong>⁴3</strong></span> <span class='ocrx_word' id='word_1_79' title='bbox 1025 1550 1074 1613; x_wconf 88' lang='grc'><strong>19.</strong></span> <span class='ocrx_word' id='word_1_80' title='bbox 1098 1550 1167 1625; x_wconf 73' lang='lat' dir='ltr'><strong>io).</strong></span> 
     </span>
    </p>

    <p class='ocr_par' dir='ltr' id='par_1_5' title="bbox 690 1670 2267 2997">
     <span class='ocr_line' id='line_1_12' title="bbox 800 1670 2262 1758; baseline 0.001 -20"><span class='ocrx_word' id='word_1_81' title='bbox 800 1671 888 1739; x_wconf 88' lang='lat' dir='ltr'><strong>lluic</strong></span> <span class='ocrx_word' id='word_1_82' title='bbox 911 1677 1020 1739; x_wconf 89' lang='lat' dir='ltr'><strong>autem</strong></span> <span class='ocrx_word' id='word_1_83' title='bbox 1044 1674 1178 1752; x_wconf 89' lang='lat' dir='ltr'><strong>rationi,</strong></span> <span class='ocrx_word' id='word_1_84' title='bbox 1207 1693 1280 1738; x_wconf 89' lang='lat' dir='ltr'><strong>cum</strong></span> <span class='ocrx_word' id='word_1_85' title='bbox 1304 1671 1346 1738; x_wconf 88' lang='lat' dir='ltr'><strong>ad</strong></span> <span class='ocrx_word' id='word_1_86' title='bbox 1369 1671 1587 1740; x_wconf 85' lang='lat' dir='ltr'><strong>adhibendam</strong></span> <span class='ocrx_word' id='word_1_87' title='bbox 1608 1670 1697 1740; x_wconf 92' lang='lat' dir='ltr'><strong>illam</strong></span> <span class='ocrx_word' id='word_1_88' title='bbox 1721 1694 1788 1740; x_wconf 92' lang='lat' dir='ltr'><strong>uon</strong></span> <span class='ocrx_word' id='word_1_89' title='bbox 1809 1671 1986 1740; x_wconf 85' lang='lat' dir='ltr'><strong>admodum</strong></span> <span class='ocrx_word' id='word_1_90' title='bbox 2009 1674 2132 1758; x_wconf 78' lang='lat' dir='ltr'><strong>exigua</strong></span> <span class='ocrx_word' id='word_1_91' title='bbox 2153 1679 2262 1739; x_wconf 86' lang='lat' dir='ltr'><strong>trans·</strong></span> 
     </span>
     <span class='ocr_line' id='line_1_13' title="bbox 692 1794 2264 1884; baseline -0.003 -21"><span class='ocrx_word' id='word_1_92' title='bbox 692 1798 850 1864; x_wconf 91' lang='lat' dir='ltr'><strong>missione</strong></span> <span class='ocrx_word' id='word_1_93' title='bbox 873 1818 959 1884; x_wconf 90' lang='lat' dir='ltr'><strong>opus</strong></span> <span class='ocrx_word' id='word_1_94' title='bbox 982 1803 1092 1879; x_wconf 89' lang='lat' dir='ltr'><strong>esset,</strong></span> <span class='ocrx_word' id='word_1_95' title='bbox 1116 1794 1211 1863; x_wconf 90' lang='lat' dir='ltr'><strong>locus</strong></span> <span class='ocrx_word' id='word_1_96' title='bbox 1236 1817 1313 1863; x_wconf 91' lang='lat' dir='ltr'><strong>esse</strong></span> <span class='ocrx_word' id='word_1_97' title='bbox 1335 1818 1402 1863; x_wconf 91' lang='lat' dir='ltr'><strong>non</strong></span> <span class='ocrx_word' id='word_1_98' title='bbox 1424 1799 1588 1883; x_wconf 89' lang='lat' dir='ltr'><strong>potuerit,</strong></span> <span class='ocrx_word' id='word_1_99' title='bbox 1610 1820 1641 1862; x_wconf 89' lang='lat' dir='ltr'><strong>v.</strong></span> <span class='ocrx_word' id='word_1_100' title='bbox 1665 1819 1693 1863; x_wconf 93' lang='lat' dir='ltr'><strong>c.</strong></span> <span class='ocrx_word' id='word_1_101' title='bbox 1718 1800 1752 1864; x_wconf 92' lang='lat' dir='ltr'><strong>in</strong></span> <span class='ocrx_word' id='word_1_102' title='bbox 1774 1795 1937 1884; x_wconf 84' lang='lat' dir='ltr'><strong>exemplis</strong></span> <span class='ocrx_word' id='word_1_103' title='bbox 1959 1795 2025 1863; x_wconf 92' lang='lat' dir='ltr'><strong>illis</strong></span> <span class='ocrx_word' id='word_1_104' title='bbox 2052 1818 2085 1882; x_wconf 93' lang='lat' dir='ltr'><strong>p.</strong></span> <span class='ocrx_word' id='word_1_105' title='bbox 2109 1797 2264 1879; x_wconf 77' lang='lat' dir='ltr'><strong>ti-it),</strong></span> 
     </span>
     <span class='ocr_line' id='line_1_14' title="bbox 692 1916 2265 2009; baseline 0 -23"><span class='ocrx_word' id='word_1_106' title='bbox 692 1918 869 2008; x_wconf 90' lang='lat' dir='ltr'><strong>inquibus</strong></span> <span class='ocrx_word' id='word_1_107' title='bbox 896 1942 998 2008; x_wconf 87' lang='lat' dir='ltr'><strong>parva</strong></span> <span class='ocrx_word' id='word_1_108' title='bbox 1027 1924 1154 1986; x_wconf 89' lang='lat' dir='ltr'><strong>tantum</strong></span> <span class='ocrx_word' id='word_1_109' title='bbox 1183 1916 1302 1986; x_wconf 88' lang='lat' dir='ltr'><strong>caloris</strong></span> <span class='ocrx_word' id='word_1_110' title='bbox 1331 1920 1427 2004; x_wconf 91' lang='lat' dir='ltr'><strong>copia</strong></span> <span class='ocrx_word' id='word_1_111' title='bbox 1456 1925 1615 2005; x_wconf 88' lang='lat' dir='ltr'><strong>permeat.</strong></span> <span class='ocrx_word' id='word_1_112' title='bbox 1659 1920 1697 1986; x_wconf 92' lang='lat' dir='ltr'><strong>ln</strong></span> <span class='ocrx_word' id='word_1_113' title='bbox 1723 1921 1777 1988; x_wconf 92' lang='lat' dir='ltr'><strong>his</strong></span> <span class='ocrx_word' id='word_1_114' title='bbox 1803 1922 1903 2007; x_wconf 80' lang='lat' dir='ltr'><strong>igitur</strong></span> <span class='ocrx_word' id='word_1_115' title='bbox 1929 1919 2003 2005; x_wconf 92' lang='lat' dir='ltr'><strong>illa,</strong></span> <span class='ocrx_word' id='word_1_116' title='bbox 2033 1942 2134 2009; x_wconf 87' lang='lat' dir='ltr'><strong>quam</strong></span> <span class='ocrx_word' id='word_1_117' title='bbox 2165 1941 2265 2006; x_wconf 89' lang='lat' dir='ltr'><strong>supra</strong></span> 
     </span>
     <span class='ocr_line' id='line_1_15' title="bbox 692 2042 2265 2133; baseline 0.003 -26"><span class='ocrx_word' id='word_1_118' title='bbox 692 2047 745 2133; x_wconf 86' lang='lat' dir='ltr'><strong>(p.</strong></span> <span class='ocrx_word' id='word_1_119' title='bbox 763 2044 926 2123; x_wconf 77' lang='lat'><strong>48-50)</strong></span> <span class='ocrx_word' id='word_1_120' title='bbox 957 2044 1136 2129; x_wconf 80' lang='lat' dir='ltr'><strong>descripsi,</strong></span> <span class='ocrx_word' id='word_1_121' title='bbox 1166 2063 1247 2109; x_wconf 91' lang='lat' dir='ltr'><strong>usus</strong></span> <span class='ocrx_word' id='word_1_122' title='bbox 1269 2064 1341 2109; x_wconf 91' lang='lat' dir='ltr'><strong>sum</strong></span> <span class='ocrx_word' id='word_1_123' title='bbox 1365 2045 1499 2110; x_wconf 87' lang='lat' dir='ltr'><strong>ratione.</strong></span> <span class='ocrx_word' id='word_1_124' title='bbox 1544 2042 1791 2131; x_wconf 78' lang='lat' dir='ltr'><strong>Investigabam</strong></span> <span class='ocrx_word' id='word_1_125' title='bbox 1818 2046 1922 2126; x_wconf 87' lang='lat' dir='ltr'><strong>enim,</strong></span> <span class='ocrx_word' id='word_1_126' title='bbox 1949 2047 2006 2131; x_wconf 92' lang='lat' dir='ltr'><strong>qui</strong></span> <span class='ocrx_word' id='word_1_127' title='bbox 2035 2049 2130 2112; x_wconf 85' lang='lat' dir='ltr'><strong>esset</strong></span> <span class='ocrx_word' id='word_1_128' title='bbox 2160 2043 2265 2111; x_wconf 90' lang='lat' dir='ltr'><strong>solius</strong></span> 
     </span>
     <span class='ocr_line' id='line_1_16' title="bbox 693 2165 2265 2256; baseline -0.002 -21"><span class='ocrx_word' id='word_1_129' title='bbox 693 2167 921 2235; x_wconf 79' lang='lat' dir='ltr'><strong>calefactionis</strong></span> <span class='ocrx_word' id='word_1_130' title='bbox 943 2189 1003 2254; x_wconf 89' lang='lat' dir='ltr'><strong>per</strong></span> <span class='ocrx_word' id='word_1_131' title='bbox 1025 2168 1136 2232; x_wconf 91' lang='lat' dir='ltr'><strong>fontes</strong></span> <span class='ocrx_word' id='word_1_132' title='bbox 1159 2165 1309 2234; x_wconf 87' lang='lat' dir='ltr'><strong>diversos</strong></span> <span class='ocrx_word' id='word_1_133' title='bbox 1338 2168 1370 2230; x_wconf 91' lang='lat' dir='ltr'><strong>in</strong></span> <span class='ocrx_word' id='word_1_134' title='bbox 1400 2165 1596 2254; x_wconf 88' lang='lat' dir='ltr'><strong>corporibus</strong></span> <span class='ocrx_word' id='word_1_135' title='bbox 1623 2170 1828 2253; x_wconf 83' lang='lat' dir='ltr'><strong>interpositis</strong></span> <span class='ocrx_word' id='word_1_136' title='bbox 1857 2167 2014 2251; x_wconf 86' lang='lat' dir='ltr'><strong>effectus,</strong></span> <span class='ocrx_word' id='word_1_137' title='bbox 2042 2170 2091 2234; x_wconf 90' lang='lat' dir='ltr'><strong>ita</strong></span> <span class='ocrx_word' id='word_1_138' title='bbox 2114 2167 2265 2256; x_wconf 91' lang='lat' dir='ltr'><strong>quidem,</strong></span> 
     </span>
     <span class='ocr_line' id='line_1_17' title="bbox 690 2288 2264 2379; baseline -0.001 -21"><span class='ocrx_word' id='word_1_139' title='bbox 690 2298 730 2358; x_wconf 90' lang='lat' dir='ltr'><strong>ut</strong></span> <span class='ocrx_word' id='word_1_140' title='bbox 750 2294 855 2379; x_wconf 89' lang='lat' dir='ltr'><strong>primo</strong></span> <span class='ocrx_word' id='word_1_141' title='bbox 878 2289 1036 2357; x_wconf 86' lang='lat' dir='ltr'><strong>directam</strong></span> <span class='ocrx_word' id='word_1_142' title='bbox 1061 2288 1181 2357; x_wconf 91' lang='lat' dir='ltr'><strong>caloris</strong></span> <span class='ocrx_word' id='word_1_143' title='bbox 1203 2291 1485 2357; x_wconf 90' lang='lat' dir='ltr'><strong>transmissionem</strong></span> <span class='ocrx_word' id='word_1_144' title='bbox 1512 2289 1646 2377; x_wconf 79' lang='lat' dir='ltr'><strong>fuligine</strong></span> <span class='ocrx_word' id='word_1_145' title='bbox 1673 2291 1876 2377; x_wconf 87' lang='lat' dir='ltr'><strong>impedirem.</strong></span> <span class='ocrx_word' id='word_1_146' title='bbox 1921 2290 2051 2357; x_wconf 88' lang='lat' dir='ltr'><strong>Deinde</strong></span> <span class='ocrx_word' id='word_1_147' title='bbox 2082 2313 2158 2359; x_wconf 90' lang='lat' dir='ltr'><strong>cum</strong></span> <span class='ocrx_word' id='word_1_148' title='bbox 2182 2290 2264 2359; x_wconf 88' lang='lat' dir='ltr'><strong>sub-</strong></span> 
     </span>
     <span class='ocr_line' id='line_1_18' title="bbox 691 2411 2266 2501; baseline 0.003 -21"><span class='ocrx_word' id='word_1_149' title='bbox 691 2415 762 2480; x_wconf 84' lang='lat' dir='ltr'><strong>lata</strong></span> <span class='ocrx_word' id='word_1_150' title='bbox 783 2413 837 2479; x_wconf 89' lang='lat' dir='ltr'><strong>illu</strong></span> <span class='ocrx_word' id='word_1_151' title='bbox 858 2417 1031 2481; x_wconf 86' lang='lat' dir='ltr'><strong>transitum</strong></span> <span class='ocrx_word' id='word_1_152' title='bbox 1055 2413 1124 2481; x_wconf 89' lang='lat' dir='ltr'><strong>fieri</strong></span> <span class='ocrx_word' id='word_1_153' title='bbox 1146 2419 1295 2499; x_wconf 86' lang='lat' dir='ltr'><strong>paterer,</strong></span> <span class='ocrx_word' id='word_1_154' title='bbox 1323 2434 1367 2478; x_wconf 86' lang='lat' dir='ltr'><strong>ex</strong></span> <span class='ocrx_word' id='word_1_155' title='bbox 1388 2411 1458 2494; x_wconf 93' lang='lat' dir='ltr'><strong>his,</strong></span> <span class='ocrx_word' id='word_1_156' title='bbox 1486 2435 1571 2499; x_wconf 91' lang='lat' dir='ltr'><strong>quae</strong></span> <span class='ocrx_word' id='word_1_157' title='bbox 1594 2417 1805 2481; x_wconf 84' lang='lat' dir='ltr'><strong>tummaxime</strong></span> <span class='ocrx_word' id='word_1_158' title='bbox 1829 2412 2101 2498; x_wconf 78' lang='lat' dir='ltr'><strong>observarentur,</strong></span> <span class='ocrx_word' id='word_1_159' title='bbox 2126 2414 2266 2501; x_wconf 82' lang='lat' dir='ltr'><strong>collige-</strong></span> 
     </span>
     <span class='ocr_line' id='line_1_19' title="bbox 691 2529 2267 2622; baseline 0.003 -20"><span class='ocrx_word' id='word_1_160' title='bbox 691 2537 786 2622; x_wconf 90' lang='lat' dir='ltr'><strong>bam,</strong></span> <span class='ocrx_word' id='word_1_161' title='bbox 816 2543 924 2605; x_wconf 89' lang='lat' dir='ltr'><strong>utrum</strong></span> <span class='ocrx_word' id='word_1_162' title='bbox 953 2560 989 2605; x_wconf 88' lang='lat' dir='ltr'><strong>re</strong></span> <span class='ocrx_word' id='word_1_163' title='bbox 1019 2558 1100 2604; x_wconf 88' lang='lat' dir='ltr'><strong>vera</strong></span> <span class='ocrx_word' id='word_1_164' title='bbox 1126 2529 1332 2604; x_wconf 88' lang='lat' dir='ltr'><strong>transmissio</strong></span> <span class='ocrx_word' id='word_1_165' title='bbox 1362 2535 1404 2602; x_wconf 91' lang='lat' dir='ltr'><strong>ad</strong></span> <span class='ocrx_word' id='word_1_166' title='bbox 1433 2535 1683 2604; x_wconf 88' lang='lat' dir='ltr'><strong>calefactionem</strong></span> <span class='ocrx_word' id='word_1_167' title='bbox 1710 2541 1911 2622; x_wconf 88' lang='lat' dir='ltr'><strong>accesserit,</strong></span> <span class='ocrx_word' id='word_1_168' title='bbox 1940 2559 2056 2606; x_wconf 88' lang='lat' dir='ltr'><strong>necne.</strong></span> <span class='ocrx_word' id='word_1_169' title='bbox 2091 2573 2138 2587; x_wconf 95' lang='lat'><em>-</em></span> <span class='ocrx_word' id='word_1_170' title='bbox 2168 2543 2267 2607; x_wconf 80' lang='lat' dir='ltr'><strong>Nova</strong></span> 
     </span>
     <span class='ocr_line' id='line_1_20' title="bbox 693 2658 2264 2746; baseline 0.001 -18"><span class='ocrx_word' id='word_1_171' title='bbox 693 2669 804 2729; x_wconf 88' lang='lat' dir='ltr'><strong>autem</strong></span> <span class='ocrx_word' id='word_1_172' title='bbox 830 2661 887 2729; x_wconf 92' lang='lat' dir='ltr'><strong>illa</strong></span> <span class='ocrx_word' id='word_1_173' title='bbox 915 2663 1017 2744; x_wconf 92' lang='lat' dir='ltr'><strong>ratio,</strong></span> <span class='ocrx_word' id='word_1_174' title='bbox 1047 2682 1122 2728; x_wconf 89' lang='lat' dir='ltr'><strong>cum</strong></span> <span class='ocrx_word' id='word_1_175' title='bbox 1150 2658 1192 2725; x_wconf 92' lang='lat' dir='ltr'><strong>ad</strong></span> <span class='ocrx_word' id='word_1_176' title='bbox 1223 2659 1433 2727; x_wconf 80' lang='lat' dir='ltr'><strong>affectionem</strong></span> <span class='ocrx_word' id='word_1_177' title='bbox 1461 2681 1527 2726; x_wconf 87' lang='lat' dir='ltr'><strong>uon</strong></span> <span class='ocrx_word' id='word_1_178' title='bbox 1555 2663 1661 2728; x_wconf 90' lang='lat' dir='ltr'><strong>minus</strong></span> <span class='ocrx_word' id='word_1_179' title='bbox 1691 2660 1844 2728; x_wconf 91' lang='lat' dir='ltr'><strong>subtilior</strong></span> <span class='ocrx_word' id='word_1_180' title='bbox 1872 2669 1943 2746; x_wconf 89' lang='lat' dir='ltr'><strong>cst,</strong></span> <span class='ocrx_word' id='word_1_181' title='bbox 1970 2669 2038 2729; x_wconf 92' lang='lat' dir='ltr'><strong>tom</strong></span> <span class='ocrx_word' id='word_1_182' title='bbox 2067 2661 2135 2730; x_wconf 92' lang='lat' dir='ltr'><strong>hoc</strong></span> <span class='ocrx_word' id='word_1_183' title='bbox 2163 2661 2264 2730; x_wconf 85' lang='lat' dir='ltr'><strong>habet</strong></span> 
     </span>
     <span class='ocr_line' id='line_1_21' title="bbox 692 2782 2265 2877; baseline 0.001 -26"><span class='ocrx_word' id='word_1_184' title='bbox 692 2789 873 2873; x_wconf 88' lang='lat' dir='ltr'><strong>praecipui,</strong></span> <span class='ocrx_word' id='word_1_185' title='bbox 897 2792 1023 2852; x_wconf 89' lang='lat' dir='ltr'><strong>utnon</strong></span> <span class='ocrx_word' id='word_1_186' title='bbox 1046 2807 1132 2871; x_wconf 93' lang='lat' dir='ltr'><strong>opus</strong></span> <span class='ocrx_word' id='word_1_187' title='bbox 1154 2786 1200 2851; x_wconf 91' lang='lat' dir='ltr'><strong>sit</strong></span> <span class='ocrx_word' id='word_1_188' title='bbox 1223 2805 1344 2871; x_wconf 89' lang='lat' dir='ltr'><strong>corpus</strong></span> <span class='ocrx_word' id='word_1_189' title='bbox 1365 2782 1628 2870; x_wconf 81' lang='lat' dir='ltr'><strong>investigandum</strong></span> <span class='ocrx_word' id='word_1_190' title='bbox 1651 2784 1786 2871; x_wconf 84' lang='lat' dir='ltr'><strong>fuligine</strong></span> <span class='ocrx_word' id='word_1_191' title='bbox 1811 2784 1987 2853; x_wconf 89' lang='lat' dir='ltr'><strong>obducere.</strong></span> <span class='ocrx_word' id='word_1_192' title='bbox 2020 2784 2115 2869; x_wconf 74' lang='lat' dir='ltr'><strong>Quae</strong></span> <span class='ocrx_word' id='word_1_193' title='bbox 2131 2786 2265 2877; x_wconf 88' lang='lat' dir='ltr'><strong>quidem</strong></span> 
     </span>
     <span class='ocr_line' id='line_1_22' title="bbox 693 2907 1454 2997; baseline -0.001 -23"><span class='ocrx_word' id='word_1_194' title='bbox 693 2930 749 2977; x_wconf 88' lang='lat' dir='ltr'><strong>res</strong></span> <span class='ocrx_word' id='word_1_195' title='bbox 770 2907 925 2976; x_wconf 91' lang='lat' dir='ltr'><strong>facillime</strong></span> <span class='ocrx_word' id='word_1_196' title='bbox 948 2911 1071 2997; x_wconf 86' lang='lat' dir='ltr'><strong>poterit</strong></span> <span class='ocrx_word' id='word_1_197' title='bbox 1094 2907 1246 2996; x_wconf 84' lang='lat' dir='ltr'><strong>exemplo</strong></span> <span class='ocrx_word' id='word_1_198' title='bbox 1270 2909 1454 2974; x_wconf 89' lang='lat' dir='ltr'><strong>monstrari.</strong></span> 
     </span>
    </p>

    <p class='ocr_par' dir='ltr' id='par_1_6' title="bbox 662 3029 2267 3866">
     <span class='ocr_line' id='line_1_23' title="bbox 802 3029 2265 3118; baseline 0.002 -19"><span class='ocrx_word' id='word_1_199' title='bbox 802 3035 969 3100; x_wconf 86' lang='lat' dir='ltr'><strong>Ponamus</strong></span> <span class='ocrx_word' id='word_1_200' title='bbox 993 3035 1125 3118; x_wconf 90' lang='lat' dir='ltr'><strong>quaeri,</strong></span> <span class='ocrx_word' id='word_1_201' title='bbox 1154 3038 1261 3098; x_wconf 91' lang='lat' dir='ltr'><strong>utrum</strong></span> <span class='ocrx_word' id='word_1_202' title='bbox 1286 3031 1367 3098; x_wconf 90' lang='lat' dir='ltr'><strong>ebur</strong></span> <span class='ocrx_word' id='word_1_203' title='bbox 1390 3029 1648 3099; x_wconf 86' lang='lat' dir='ltr'><strong>diathermanum</strong></span> <span class='ocrx_word' id='word_1_204' title='bbox 1673 3035 1736 3116; x_wconf 88' lang='lat' dir='ltr'><strong>sit,</strong></span> <span class='ocrx_word' id='word_1_205' title='bbox 1766 3054 1881 3100; x_wconf 89' lang='lat' dir='ltr'><strong>necne.</strong></span> <span class='ocrx_word' id='word_1_206' title='bbox 1911 3071 1946 3083; x_wconf 93' lang='lat'><em>-</em></span> <span class='ocrx_word' id='word_1_207' title='bbox 1973 3032 2079 3116; x_wconf 78' lang='lat' dir='ltr'><strong>Quem</strong></span> <span class='ocrx_word' id='word_1_208' title='bbox 2101 3035 2148 3101; x_wconf 89' lang='lat' dir='ltr'><strong>ad</strong></span> <span class='ocrx_word' id='word_1_209' title='bbox 2169 3035 2265 3105; x_wconf 82' lang='lat' dir='ltr'><strong>linem</strong></span> 
     </span>
     <span class='ocr_line' id='line_1_24' title="bbox 662 3148 2263 3245; baseline 0.002 -23"><span class='ocrx_word' id='word_1_210' title='bbox 662 3148 668 3163; x_wconf 81' lang='grc'><em>“</em></span> <span class='ocrx_word' id='word_1_211' title='bbox 693 3156 839 3222; x_wconf 89' lang='lat' dir='ltr'><strong>tabulam</strong></span> <span class='ocrx_word' id='word_1_212' title='bbox 863 3154 1005 3242; x_wconf 88' lang='lat' dir='ltr'><strong>aliquam</strong></span> <span class='ocrx_word' id='word_1_213' title='bbox 1028 3154 1116 3221; x_wconf 90' lang='lat' dir='ltr'><strong>haud</strong></span> <span class='ocrx_word' id='word_1_214' title='bbox 1140 3153 1239 3221; x_wconf 90' lang='lat' dir='ltr'><strong>dubie</strong></span> <span class='ocrx_word' id='word_1_215' title='bbox 1261 3153 1540 3223; x_wconf 86' lang='lat' dir='ltr'><strong>adiathermanam</strong></span> <span class='ocrx_word' id='word_1_216' title='bbox 1562 3179 1593 3222; x_wconf 89' lang='lat' dir='ltr'><strong>v.</strong></span> <span class='ocrx_word' id='word_1_217' title='bbox 1617 3178 1646 3223; x_wconf 92' lang='lat' dir='ltr'><strong>c.</strong></span> <span class='ocrx_word' id='word_1_218' title='bbox 1669 3155 1767 3243; x_wconf 82' lang='lat' dir='ltr'><strong>ligni,</strong></span> <span class='ocrx_word' id='word_1_219' title='bbox 1797 3155 1931 3224; x_wconf 89' lang='lat' dir='ltr'><strong>chartae</strong></span> <span class='ocrx_word' id='word_1_220' title='bbox 1961 3156 2165 3245; x_wconf 81' lang='lat' dir='ltr'><strong>glutinatae,</strong></span> <span class='ocrx_word' id='word_1_221' title='bbox 2195 3182 2263 3226; x_wconf 91' lang='lat' dir='ltr'><strong>car·</strong></span> 
     </span>
     <span class='ocr_line' id='line_1_25' title="bbox 692 3277 2265 3369; baseline 0.003 -26"><span class='ocrx_word' id='word_1_222' title='bbox 692 3278 791 3345; x_wconf 89' lang='lat' dir='ltr'><strong>bonis</strong></span> <span class='ocrx_word' id='word_1_223' title='bbox 820 3278 995 3345; x_wconf 88' lang='lat' dir='ltr'><strong>calefacias</strong></span> <span class='ocrx_word' id='word_1_224' title='bbox 1024 3279 1124 3344; x_wconf 91' lang='lat' dir='ltr'><strong>radiis</strong></span> <span class='ocrx_word' id='word_1_225' title='bbox 1145 3278 1357 3364; x_wconf 79' lang='lat' dir='ltr'><strong>Argaudicae</strong></span> <span class='ocrx_word' id='word_1_226' title='bbox 1385 3277 1546 3368; x_wconf 90' lang='lat' dir='ltr'><strong>lampadis</strong></span> <span class='ocrx_word' id='word_1_227' title='bbox 1574 3282 1636 3361; x_wconf 91' lang='lat' dir='ltr'><strong>ita,</strong></span> <span class='ocrx_word' id='word_1_228' title='bbox 1667 3286 1705 3347; x_wconf 89' lang='lat' dir='ltr'><strong>ut</strong></span> <span class='ocrx_word' id='word_1_229' title='bbox 1731 3279 1823 3347; x_wconf 89' lang='lat' dir='ltr'><strong>calor</strong></span> <span class='ocrx_word' id='word_1_230' title='bbox 1845 3285 1918 3368; x_wconf 90' lang='lat' dir='ltr'><strong>ejus</strong></span> <span class='ocrx_word' id='word_1_231' title='bbox 1939 3281 2040 3368; x_wconf 91' lang='lat' dir='ltr'><strong>pilam</strong></span> <span class='ocrx_word' id='word_1_232' title='bbox 2061 3304 2185 3350; x_wconf 81' lang='lat' dir='ltr'><strong>versus</strong></span> <span class='ocrx_word' id='word_1_233' title='bbox 2205 3304 2265 3369; x_wconf 91' lang='lat' dir='ltr'><strong>per</strong></span> 
     </span>
     <span class='ocr_line' id='line_1_26' title="bbox 695 3400 2265 3494; baseline 0.003 -25"><span class='ocrx_word' id='word_1_234' title='bbox 695 3400 909 3491; x_wconf 83' lang='lat' dir='ltr'><strong>diaphragma</strong></span> <span class='ocrx_word' id='word_1_235' title='bbox 930 3404 1145 3470; x_wconf 88' lang='lat' dir='ltr'><strong>transmissus</strong></span> <span class='ocrx_word' id='word_1_236' title='bbox 1169 3409 1293 3470; x_wconf 86' lang='lat' dir='ltr'><strong>certam</strong></span> <span class='ocrx_word' id='word_1_237' title='bbox 1316 3402 1480 3490; x_wconf 85' lang='lat' dir='ltr'><strong>quandam</strong></span> <span class='ocrx_word' id='word_1_238' title='bbox 1503 3426 1532 3470; x_wconf 86' lang='lat' dir='ltr'><strong>v.</strong></span> <span class='ocrx_word' id='word_1_239' title='bbox 1549 3424 1578 3469; x_wconf 91' lang='lat' dir='ltr'><strong>c.</strong></span> <span class='ocrx_word' id='word_1_240' title='bbox 1597 3400 1656 3468; x_wconf 83' lang='lat'><strong>35·</strong></span> <span class='ocrx_word' id='word_1_241' title='bbox 1679 3403 1932 3471; x_wconf 88' lang='lat' dir='ltr'><strong>declinationem</strong></span> <span class='ocrx_word' id='word_1_242' title='bbox 1955 3406 1989 3470; x_wconf 90' lang='lat' dir='ltr'><strong>in</strong></span> <span class='ocrx_word' id='word_1_243' title='bbox 2011 3403 2265 3494; x_wconf 87' lang='lat' dir='ltr'><strong>multiplicatore</strong></span> 
     </span>
     <span class='ocr_line' id='line_1_27' title="bbox 692 3525 2265 3618; baseline 0.001 -23"><span class='ocrx_word' id='word_1_244' title='bbox 692 3525 826 3595; x_wconf 85' lang='lat' dir='ltr'><strong>efficiat.</strong></span> <span class='ocrx_word' id='word_1_245' title='bbox 852 3560 894 3573; x_wconf 92' lang='lat'><em>-</em></span> <span class='ocrx_word' id='word_1_246' title='bbox 917 3526 1047 3596; x_wconf 87' lang='lat' dir='ltr'><strong>Deinde</strong></span> <span class='ocrx_word' id='word_1_247' title='bbox 1070 3534 1145 3596; x_wconf 81' lang='lat' dir='ltr'><strong>ante</strong></span> <span class='ocrx_word' id='word_1_248' title='bbox 1166 3526 1266 3615; x_wconf 94' lang='lat' dir='ltr'><strong>pilam</strong></span> <span class='ocrx_word' id='word_1_249' title='bbox 1289 3529 1373 3595; x_wconf 89' lang='lat' dir='ltr'><strong>citra</strong></span> <span class='ocrx_word' id='word_1_250' title='bbox 1396 3526 1608 3615; x_wconf 80' lang='lat' dir='ltr'><strong>diaphragma</strong></span> <span class='ocrx_word' id='word_1_251' title='bbox 1628 3530 1821 3614; x_wconf 90' lang='lat' dir='ltr'><strong>interponas</strong></span> <span class='ocrx_word' id='word_1_252' title='bbox 1846 3528 2105 3597; x_wconf 91' lang='lat' dir='ltr'><strong>diathermanum</strong></span> <span class='ocrx_word' id='word_1_253' title='bbox 2127 3528 2265 3618; x_wconf 89' lang='lat' dir='ltr'><strong>aliquod</strong></span> 
     </span>
     <span class='ocr_line' id='line_1_28' title="bbox 696 3649 2266 3740; baseline 0.001 -19"><span class='ocrx_word' id='word_1_254' title='bbox 696 3672 827 3740; x_wconf 89' lang='lat' dir='ltr'><strong>corpus.</strong></span> <span class='ocrx_word' id='word_1_255' title='bbox 873 3654 959 3720; x_wconf 86' lang='lat' dir='ltr'><strong>Tum</strong></span> <span class='ocrx_word' id='word_1_256' title='bbox 981 3674 1064 3722; x_wconf 83' lang='lat' dir='ltr'><strong>acus</strong></span> <span class='ocrx_word' id='word_1_257' title='bbox 1085 3677 1118 3720; x_wconf 88' lang='lat' dir='ltr'><strong>v.</strong></span> <span class='ocrx_word' id='word_1_258' title='bbox 1139 3675 1168 3720; x_wconf 89' lang='lat' dir='ltr'><strong>c.</strong></span> <span class='ocrx_word' id='word_1_259' title='bbox 1191 3654 1225 3719; x_wconf 91' lang='lat' dir='ltr'><strong>iu</strong></span> <span class='ocrx_word' id='word_1_260' title='bbox 1247 3654 1331 3719; x_wconf 87' lang='lat' dir='ltr'><strong>vitro</strong></span> <span class='ocrx_word' id='word_1_261' title='bbox 1353 3649 1463 3732; x_wconf 90' lang='lat' dir='ltr'><strong>rubro,</strong></span> <span class='ocrx_word' id='word_1_262' title='bbox 1490 3654 1576 3736; x_wconf 77' lang='lat'><strong>1¹¹⁰,5</strong></span> <span class='ocrx_word' id='word_1_263' title='bbox 1601 3673 1727 3734; x_wconf 87' lang='lat' dir='ltr'><strong>crasso,</strong></span> <span class='ocrx_word' id='word_1_264' title='bbox 1751 3649 1793 3716; x_wconf 92' lang='lat' dir='ltr'><strong>ad</strong></span> <span class='ocrx_word' id='word_1_265' title='bbox 1818 3649 1930 3736; x_wconf 72' lang='lat'><strong>10⁰,25</strong></span> <span class='ocrx_word' id='word_1_266' title='bbox 1953 3654 2091 3724; x_wconf 89' lang='lat' dir='ltr'><strong>recedit.</strong></span> <span class='ocrx_word' id='word_1_267' title='bbox 2135 3653 2266 3725; x_wconf 79' lang='lat' dir='ltr'><strong>Eadem</strong></span> 
     </span>
     <span class='ocr_line' id='line_1_29' title="bbox 694 3773 2267 3866; baseline 0.001 -21"><span class='ocrx_word' id='word_1_268' title='bbox 694 3799 775 3847; x_wconf 89' lang='lat' dir='ltr'><strong>vero</strong></span> <span class='ocrx_word' id='word_1_269' title='bbox 799 3777 936 3862; x_wconf 88' lang='lat' dir='ltr'><strong>ratione,</strong></span> <span class='ocrx_word' id='word_1_270' title='bbox 960 3799 1026 3866; x_wconf 93' lang='lat' dir='ltr'><strong>qua</strong></span> <span class='ocrx_word' id='word_1_271' title='bbox 1049 3776 1323 3845; x_wconf 89' lang='lat' dir='ltr'><strong>adiathermanam</strong></span> <span class='ocrx_word' id='word_1_272' title='bbox 1346 3773 1503 3861; x_wconf 88' lang='lat' dir='ltr'><strong>tabulam,</strong></span> <span class='ocrx_word' id='word_1_273' title='bbox 1526 3775 1673 3844; x_wconf 89' lang='lat' dir='ltr'><strong>colloces</strong></span> <span class='ocrx_word' id='word_1_274' title='bbox 1697 3774 1883 3844; x_wconf 88' lang='lat' dir='ltr'><strong>eburneum.</strong></span> <span class='ocrx_word' id='word_1_275' title='bbox 1925 3779 2074 3845; x_wconf 90' lang='lat' dir='ltr'><strong>Ponatur</strong></span> <span class='ocrx_word' id='word_1_276' title='bbox 2096 3781 2195 3866; x_wconf 80' lang='lat' dir='ltr'><strong>igitur</strong></span> <span class='ocrx_word' id='word_1_277' title='bbox 2214 3782 2267 3847; x_wconf 91' lang='lat' dir='ltr'><strong>ita</strong></span> 
     </span>
    </p>
   </div>
   <div class='ocr_carea' id='block_1_4' title="bbox 694 3897 2265 4014">
    <p class='ocr_par' dir='ltr' id='par_1_7' title="bbox 694 3897 2265 4014">
     <span class='ocr_line' id='line_1_30' title="bbox 694 3897 2265 4014; baseline -0.001 -42"><span class='ocrx_word' id='word_1_278' title='bbox 694 3908 779 3972; x_wconf 89' lang='lat' dir='ltr'><strong>inter</strong></span> <span class='ocrx_word' id='word_1_279' title='bbox 805 3900 991 3988; x_wconf 89' lang='lat' dir='ltr'><strong>lampadem</strong></span> <span class='ocrx_word' id='word_1_280' title='bbox 1013 3901 1234 3989; x_wconf 77' lang='lat' dir='ltr'><strong>Argaudicum</strong></span> <span class='ocrx_word' id='word_1_281' title='bbox 1263 3905 1298 3967; x_wconf 90' lang='lat' dir='ltr'><strong>et</strong></span> <span class='ocrx_word' id='word_1_282' title='bbox 1323 3898 1439 4014; x_wconf 87' lang='lat' dir='ltr'><strong>pilam,</strong></span> <span class='ocrx_word' id='word_1_283' title='bbox 1467 3907 1505 3969; x_wconf 86' lang='lat' dir='ltr'><strong>ut</strong></span> <span class='ocrx_word' id='word_1_284' title='bbox 1531 3922 1645 3968; x_wconf 89' lang='lat' dir='ltr'><strong>rursus</strong></span> <span class='ocrx_word' id='word_1_285' title='bbox 1677 3899 1802 3968; x_wconf 89' lang='lat' dir='ltr'><strong>directa</strong></span> <span class='ocrx_word' id='word_1_286' title='bbox 1831 3897 1890 3964; x_wconf 78' lang='lat'><strong>35⁰</strong></span> <span class='ocrx_word' id='word_1_287' title='bbox 1920 3900 2098 3968; x_wconf 92' lang='lat' dir='ltr'><strong>declinatio</strong></span> <span class='ocrx_word' id='word_1_288' title='bbox 2129 3905 2265 3988; x_wconf 74' lang='lat' dir='ltr'><strong>existat,</strong></span> 
     </span>
    </p>
   </div>
   <div class='ocr_carea' id='block_1_5' title="bbox 643 4022 2268 4982">
    <p class='ocr_par' dir='ltr' id='par_1_8' title="bbox 643 4022 2268 4982">
     <span class='ocr_line' id='line_1_31' title="bbox 643 4022 2266 4118; baseline 0 -21"><span class='ocrx_word' id='word_1_289' title='bbox 643 4080 649 4096; x_wconf 85' lang='lat'><em>.</em></span> <span class='ocrx_word' id='word_1_290' title='bbox 695 4052 782 4118; x_wconf 90' lang='lat' dir='ltr'><strong>quae</strong></span> <span class='ocrx_word' id='word_1_291' title='bbox 804 4027 894 4094; x_wconf 89' lang='lat' dir='ltr'><strong>baud</strong></span> <span class='ocrx_word' id='word_1_292' title='bbox 916 4028 988 4094; x_wconf 89' lang='lat' dir='ltr'><strong>scio</strong></span> <span class='ocrx_word' id='word_1_293' title='bbox 1013 4047 1055 4092; x_wconf 90' lang='lat' dir='ltr'><strong>an</strong></span> <span class='ocrx_word' id='word_1_294' title='bbox 1077 4047 1144 4093; x_wconf 91' lang='lat' dir='ltr'><strong>non</strong></span> <span class='ocrx_word' id='word_1_295' title='bbox 1166 4024 1274 4094; x_wconf 90' lang='lat' dir='ltr'><strong>solum</strong></span> <span class='ocrx_word' id='word_1_296' title='bbox 1299 4048 1342 4094; x_wconf 86' lang='lat' dir='ltr'><strong>ex</strong></span> <span class='ocrx_word' id='word_1_297' title='bbox 1364 4025 1523 4113; x_wconf 90' lang='lat' dir='ltr'><strong>absorpto</strong></span> <span class='ocrx_word' id='word_1_298' title='bbox 1547 4023 1588 4090; x_wconf 94' lang='lat' dir='ltr'><strong>ab</strong></span> <span class='ocrx_word' id='word_1_299' title='bbox 1613 4022 1715 4092; x_wconf 89' lang='lat' dir='ltr'><strong>ebore</strong></span> <span class='ocrx_word' id='word_1_300' title='bbox 1739 4024 1866 4107; x_wconf 89' lang='lat' dir='ltr'><strong>calore,</strong></span> <span class='ocrx_word' id='word_1_301' title='bbox 1896 4024 1958 4093; x_wconf 93' lang='lat' dir='ltr'><strong>sed</strong></span> <span class='ocrx_word' id='word_1_302' title='bbox 1988 4027 2086 4092; x_wconf 91' lang='lat' dir='ltr'><strong>etiam</strong></span> <span class='ocrx_word' id='word_1_303' title='bbox 2110 4049 2129 4094; x_wconf 93' lang='lat' dir='ltr'><strong>e</strong></span> <span class='ocrx_word' id='word_1_304' title='bbox 2154 4035 2266 4098; x_wconf 86' lang='lat' dir='ltr'><strong>traus-</strong></span> 
     </span>
     <span class='ocr_line' id='line_1_32' title="bbox 695 4148 2268 4240; baseline -0.001 -20"><span class='ocrx_word' id='word_1_305' title='bbox 695 4157 805 4223; x_wconf 86' lang='lat' dir='ltr'><strong>missis</strong></span> <span class='ocrx_word' id='word_1_306' title='bbox 832 4175 893 4240; x_wconf 90' lang='lat' dir='ltr'><strong>per</strong></span> <span class='ocrx_word' id='word_1_307' title='bbox 920 4149 1002 4219; x_wconf 91' lang='lat' dir='ltr'><strong>illud</strong></span> <span class='ocrx_word' id='word_1_308' title='bbox 1030 4149 1179 4218; x_wconf 82' lang='lat' dir='ltr'><strong>flammae</strong></span> <span class='ocrx_word' id='word_1_309' title='bbox 1206 4151 1307 4218; x_wconf 90' lang='lat' dir='ltr'><strong>radiis</strong></span> <span class='ocrx_word' id='word_1_310' title='bbox 1333 4149 1561 4238; x_wconf 85' lang='lat' dir='ltr'><strong>proficiscitur.</strong></span> <span class='ocrx_word' id='word_1_311' title='bbox 1606 4149 1683 4215; x_wconf 84' lang='lat' dir='ltr'><strong>Jum</strong></span> <span class='ocrx_word' id='word_1_312' title='bbox 1713 4150 1898 4235; x_wconf 87' lang='lat' dir='ltr'><strong>quaeritur,</strong></span> <span class='ocrx_word' id='word_1_313' title='bbox 1925 4170 2003 4216; x_wconf 89' lang='lat' dir='ltr'><strong>nuru</strong></span> <span class='ocrx_word' id='word_1_314' title='bbox 2027 4148 2151 4218; x_wconf 89' lang='lat' dir='ltr'><strong>caloris</strong></span> <span class='ocrx_word' id='word_1_315' title='bbox 2174 4153 2268 4234; x_wconf 82' lang='lat' dir='ltr'><strong>radii,</strong></span> 
     </span>
     <span class='ocr_line' id='line_1_33' title="bbox 698 4271 2268 4360; baseline 0.003 -20"><span class='ocrx_word' id='word_1_316' title='bbox 698 4279 753 4360; x_wconf 93' lang='lat' dir='ltr'><strong>qui</strong></span> <span class='ocrx_word' id='word_1_317' title='bbox 781 4299 875 4345; x_wconf 86' lang='lat' dir='ltr'><strong>acum</strong></span> <span class='ocrx_word' id='word_1_318' title='bbox 904 4275 946 4344; x_wconf 91' lang='lat' dir='ltr'><strong>ad</strong></span> <span class='ocrx_word' id='word_1_319' title='bbox 977 4271 1036 4340; x_wconf 78' lang='lat'><strong>35⁰</strong></span> <span class='ocrx_word' id='word_1_320' title='bbox 1060 4274 1281 4357; x_wconf 83' lang='lat' dir='ltr'><strong>deflexerant,</strong></span> <span class='ocrx_word' id='word_1_321' title='bbox 1313 4277 1524 4342; x_wconf 84' lang='lat' dir='ltr'><strong>tummaxime</strong></span> <span class='ocrx_word' id='word_1_322' title='bbox 1554 4294 1674 4360; x_wconf 88' lang='lat' dir='ltr'><strong>corpus</strong></span> <span class='ocrx_word' id='word_1_323' title='bbox 1703 4271 1960 4341; x_wconf 88' lang='lat' dir='ltr'><strong>diathermanum</strong></span> <span class='ocrx_word' id='word_1_324' title='bbox 1990 4273 2106 4341; x_wconf 86' lang='lat' dir='ltr'><strong>eadem</strong></span> <span class='ocrx_word' id='word_1_325' title='bbox 2136 4279 2268 4346; x_wconf 85' lang='lat' dir='ltr'><strong>ratione</strong></span> 
     </span>
     <span class='ocr_line' id='line_1_34' title="bbox 697 4396 2267 4488; baseline 0.003 -25"><span class='ocrx_word' id='word_1_326' title='bbox 697 4403 884 4485; x_wconf 85' lang='lat' dir='ltr'><strong>transeant,</strong></span> <span class='ocrx_word' id='word_1_327' title='bbox 912 4408 1015 4488; x_wconf 86' lang='lat' dir='ltr'><strong>atque</strong></span> <span class='ocrx_word' id='word_1_328' title='bbox 1045 4400 1101 4487; x_wconf 89' lang='lat' dir='ltr'><strong>qui</strong></span> <span class='ocrx_word' id='word_1_329' title='bbox 1129 4404 1227 4465; x_wconf 86' lang='lat' dir='ltr'><strong>antea</strong></span> <span class='ocrx_word' id='word_1_330' title='bbox 1250 4422 1270 4464; x_wconf 95' lang='lat' dir='ltr'><strong>a</strong></span> <span class='ocrx_word' id='word_1_331' title='bbox 1293 4420 1433 4487; x_wconf 91' lang='lat' dir='ltr'><strong>corpore</strong></span> <span class='ocrx_word' id='word_1_332' title='bbox 1456 4396 1701 4466; x_wconf 88' lang='lat' dir='ltr'><strong>adiathermauo</strong></span> <span class='ocrx_word' id='word_1_333' title='bbox 1726 4399 1837 4465; x_wconf 90' lang='lat' dir='ltr'><strong>emissi</strong></span> <span class='ocrx_word' id='word_1_334' title='bbox 1861 4403 1971 4481; x_wconf 91' lang='lat' dir='ltr'><strong>eraut,</strong></span> <span class='ocrx_word' id='word_1_335' title='bbox 2000 4397 2031 4462; x_wconf 94' lang='lat' dir='ltr'><strong>h.</strong></span> <span class='ocrx_word' id='word_1_336' title='bbox 2055 4420 2084 4466; x_wconf 89' lang='lat' dir='ltr'><strong>c.</strong></span> <span class='ocrx_word' id='word_1_337' title='bbox 2108 4421 2189 4466; x_wconf 91' lang='lat' dir='ltr'><strong>num</strong></span> <span class='ocrx_word' id='word_1_338' title='bbox 2211 4401 2267 4468; x_wconf 90' lang='lat' dir='ltr'><strong>hic</strong></span> 
     </span>
     <span class='ocr_line' id='line_1_35' title="bbox 699 4517 2267 4614; baseline 0.001 -26"><span class='ocrx_word' id='word_1_339' title='bbox 699 4543 852 4610; x_wconf 88' lang='lat' dir='ltr'><strong>qnoque,</strong></span> <span class='ocrx_word' id='word_1_340' title='bbox 879 4547 909 4589; x_wconf 86' lang='lat' dir='ltr'><strong>v.</strong></span> <span class='ocrx_word' id='word_1_341' title='bbox 935 4546 963 4592; x_wconf 93' lang='lat' dir='ltr'><strong>c.</strong></span> <span class='ocrx_word' id='word_1_342' title='bbox 993 4526 1191 4614; x_wconf 82' lang='lat' dir='ltr'><strong>interposito</strong></span> <span class='ocrx_word' id='word_1_343' title='bbox 1216 4524 1301 4590; x_wconf 86' lang='lat' dir='ltr'><strong>vitro</strong></span> <span class='ocrx_word' id='word_1_344' title='bbox 1325 4522 1440 4607; x_wconf 89' lang='lat' dir='ltr'><strong>rubro,</strong></span> <span class='ocrx_word' id='word_1_345' title='bbox 1469 4522 1583 4589; x_wconf 89' lang='lat' dir='ltr'><strong>itidem</strong></span> <span class='ocrx_word' id='word_1_346' title='bbox 1606 4521 1647 4588; x_wconf 91' lang='lat' dir='ltr'><strong>ad</strong></span> <span class='ocrx_word' id='word_1_347' title='bbox 1672 4517 1785 4607; x_wconf 73' lang='lat' dir='ltr'><strong>1⁰⁹,bb</strong></span> <span class='ocrx_word' id='word_1_348' title='bbox 1809 4544 1890 4589; x_wconf 91' lang='lat' dir='ltr'><strong>acus</strong></span> <span class='ocrx_word' id='word_1_349' title='bbox 1914 4521 2067 4589; x_wconf 87' lang='lat' dir='ltr'><strong>declinet.</strong></span> <span class='ocrx_word' id='word_1_350' title='bbox 2113 4522 2267 4606; x_wconf 77' lang='lat' dir='ltr'><strong>Quodsi</strong></span> 
     </span>
     <span class='ocr_line' id='line_1_36' title="bbox 697 4645 2266 4736; baseline 0.002 -24"><span class='ocrx_word' id='word_1_351' title='bbox 697 4649 745 4712; x_wconf 90' lang='lat' dir='ltr'><strong>ita</strong></span> <span class='ocrx_word' id='word_1_352' title='bbox 769 4650 822 4712; x_wconf 88' lang='lat' dir='ltr'><strong>est</strong></span> <span class='ocrx_word' id='word_1_353' title='bbox 844 4646 1003 4734; x_wconf 88' lang='lat' dir='ltr'><strong>similique</strong></span> <span class='ocrx_word' id='word_1_354' title='bbox 1024 4650 1124 4718; x_wconf 92' lang='lat' dir='ltr'><strong>modo</strong></span> <span class='ocrx_word' id='word_1_355' title='bbox 1147 4652 1181 4716; x_wconf 89' lang='lat' dir='ltr'><strong>in</strong></span> <span class='ocrx_word' id='word_1_356' title='bbox 1203 4649 1324 4716; x_wconf 88' lang='lat' dir='ltr'><strong>ceteris</strong></span> <span class='ocrx_word' id='word_1_357' title='bbox 1348 4646 1497 4715; x_wconf 91' lang='lat' dir='ltr'><strong>omnibus</strong></span> <span class='ocrx_word' id='word_1_358' title='bbox 1527 4645 1758 4714; x_wconf 89' lang='lat' dir='ltr'><strong>diathermauis</strong></span> <span class='ocrx_word' id='word_1_359' title='bbox 1786 4646 2000 4734; x_wconf 90' lang='lat' dir='ltr'><strong>corporibus,</strong></span> <span class='ocrx_word' id='word_1_360' title='bbox 2031 4669 2118 4736; x_wconf 89' lang='lat' dir='ltr'><strong>quae</strong></span> <span class='ocrx_word' id='word_1_361' title='bbox 2146 4649 2191 4715; x_wconf 90' lang='lat' dir='ltr'><strong>ad</strong></span> <span class='ocrx_word' id='word_1_362' title='bbox 2219 4651 2266 4715; x_wconf 90' lang='lat' dir='ltr'><strong>iu-</strong></span> 
     </span>
     <span class='ocr_line' id='line_1_37' title="bbox 696 4766 2264 4860; baseline 0.003 -23"><span class='ocrx_word' id='word_1_363' title='bbox 696 4766 929 4856; x_wconf 79' lang='lat' dir='ltr'><strong>vestigandum</strong></span> <span class='ocrx_word' id='word_1_364' title='bbox 952 4771 1163 4858; x_wconf 89' lang='lat' dir='ltr'><strong>adhibentur,</strong></span> <span class='ocrx_word' id='word_1_365' title='bbox 1192 4772 1297 4842; x_wconf 87' lang='lat' dir='ltr'><strong>veluti</strong></span> <span class='ocrx_word' id='word_1_366' title='bbox 1318 4775 1352 4839; x_wconf 92' lang='lat' dir='ltr'><strong>in</strong></span> <span class='ocrx_word' id='word_1_367' title='bbox 1374 4773 1461 4840; x_wconf 86' lang='lat' dir='ltr'><strong>vitro</strong></span> <span class='ocrx_word' id='word_1_368' title='bbox 1484 4769 1653 4856; x_wconf 88' lang='lat' dir='ltr'><strong>coeruleo,</strong></span> <span class='ocrx_word' id='word_1_369' title='bbox 1677 4771 1832 4856; x_wconf 89' lang='lat' dir='ltr'><strong>alumine,</strong></span> <span class='ocrx_word' id='word_1_370' title='bbox 1855 4770 1927 4840; x_wconf 89' lang='lat' dir='ltr'><strong>sale</strong></span> <span class='ocrx_word' id='word_1_371' title='bbox 1949 4794 2117 4859; x_wconf 82' lang='lat' dir='ltr'><strong>gemmae,</strong></span> <span class='ocrx_word' id='word_1_372' title='bbox 2141 4773 2264 4860; x_wconf 90' lang='lat' dir='ltr'><strong>spatho</strong></span> 
     </span>
     <span class='ocr_line' id='line_1_38' title="bbox 697 4895 2264 4982; baseline 0.002 -18"><span class='ocrx_word' id='word_1_373' title='bbox 697 4895 860 4978; x_wconf 89' lang='lat' dir='ltr'><strong>calcario,</strong></span> <span class='ocrx_word' id='word_1_374' title='bbox 888 4913 1012 4980; x_wconf 76' lang='lat' dir='ltr'><strong>gypso:</strong></span> <span class='ocrx_word' id='word_1_375' title='bbox 1041 4900 1175 4982; x_wconf 85' lang='lat' dir='ltr'><strong>etipsa</strong></span> <span class='ocrx_word' id='word_1_376' title='bbox 1203 4898 1314 4967; x_wconf 89' lang='lat' dir='ltr'><strong>eboris</strong></span> <span class='ocrx_word' id='word_1_377' title='bbox 1342 4895 1455 4966; x_wconf 88' lang='lat' dir='ltr'><strong>tabula</strong></span> <span class='ocrx_word' id='word_1_378' title='bbox 1484 4897 1729 4967; x_wconf 87' lang='lat' dir='ltr'><strong>adiathermanu</strong></span> <span class='ocrx_word' id='word_1_379' title='bbox 1751 4904 1814 4967; x_wconf 89' lang='lat' dir='ltr'><strong>est.</strong></span> <span class='ocrx_word' id='word_1_380' title='bbox 1859 4900 1943 4966; x_wconf 88' lang='lat' dir='ltr'><strong>Nam</strong></span> <span class='ocrx_word' id='word_1_381' title='bbox 1965 4902 2034 4966; x_wconf 88' lang='lat' dir='ltr'><strong>tum</strong></span> <span class='ocrx_word' id='word_1_382' title='bbox 2057 4896 2264 4967; x_wconf 88' lang='lat' dir='ltr'><strong>solummodo</strong></span> 
     </span>
    </p>
   </div>
   <div class='ocr_carea' id='block_1_6' title="bbox 0 0 2283 5908">
    <p class='ocr_par' dir='ltr' id='par_1_9' title="bbox 0 0 2283 5908">
     <span class='ocr_line' id='line_1_39' title="bbox 0 0 2283 5908; baseline 0 0"><span class='ocrx_word' id='word_1_383' title='bbox 0 0 2283 5908; x_wconf 95' lang='lat' dir='ltr'><strong> </strong></span> 
     </span>
    </p>
   </div>
  </div>
 </body>
</html>
