4544 5918
1101 370 1151 445 85

445 593 518 668 Sed
537 615 614 663 cum
635 594 728 663 nullo
749 594 879 664 illorum
902 594 1069 678 ordinum,
1097 595 1191 684 quod
1217 593 1351 683 quidem
1374 595 1418 662 ud
1442 595 1588 665 calorem
1611 595 1772 666 reflexum
1796 599 1926 681 attinet,

337 724 421 792 baec
443 740 584 809 corpora
607 721 764 808 conjungi
785 725 944 806 possunt:

388 1040 552 1096 ultramari-
627 1043 754 1091 stanuum
815 1038 1005 1102 qnercttannas
1043 1043 1223 1090 atramentum
1292 1037 1404 1091 tolletur
1514 1038 1625 1092 tanetus
1692 1018 1799 1070 ’.Μ’
1817 1020 1893 1058 '¹¹¹¹'

371 1460 480 1513 pannus
498 1459 573 1498 sarn-
594 1457 700 1507 pannus
718 1456 793 1494 sam·
807 1479 883 1531 dm
900 1479 1018 1531 mic·
1077 1456 1186 1508 pannus
1304 1446 1403 1499 mrtrlx

374 1535 492 1588 metiens
511 1535 570 1584 bel·
592 1532 708 1584 meticus
726 1532 793 1584 virt·
1032 1531 1228 1584 Mancuniacur
1270 1535 1434 1599 magarita-

431 1625 521 1675 volur.
671 1620 721 1672 dis.
867 1584 957 1649 ΜΨ·
1079 1620 1185 1673 t'uscus.
1318 1636 1388 1675 rum.
1691 1609 1894 1733 Ἕὴΐζιῗιί

448 2092 593 2161 Exstitit
607 2098 717 2159 autem
733 2092 889 2180 quaestio
906 2091 1118 2177 gravissima,
1135 2091 1342 2178 quomodo
1364 2091 1462 2159 illae
1486 2091 1764 2180 explicandae
1781 2105 1928 2166 essent

341 2220 610 2299 mutationes,
634 2217 801 2304 quaein
824 2214 979 2282 caloris
1002 2214 1240 2282 reflexione
1263 2214 1513 2284 observatae
1536 2225 1642 2286 sunt.

450 2345 501 2410 Ac
525 2340 590 2407 duo
616 2339 747 2427 quidem
772 2340 903 2406 omniuo
928 2341 1069 2425 cogitari
1091 2345 1264 2426 poterant:
1288 2346 1346 2406 aut
1361 2342 1448 2406 enim
1464 2340 1545 2408 radii
1559 2345 1625 2429 ipsi
1639 2345 1687 2410 ita
1701 2344 1926 2435 mutabantur,

319 2446 379 2533 'ut
406 2487 591 2554 perunum
619 2462 801 2531 alterumve
830 2485 954 2549 corpus
981 2466 1108 2551 majore
1135 2463 1191 2531 vel
1214 2465 1340 2532 minore
1363 2467 1463 2552 copia
1485 2487 1658 2552 permeare
1680 2477 1839 2556 possent,
1869 2479 1929 2540 aut

342 2611 443 2658 causa
470 2591 535 2656 fuit
563 2587 752 2675 absorptio,
782 2594 818 2654 ut
844 2585 910 2654 boc
938 2585 1045 2654 verbo
1068 2592 1159 2672 utar,
1189 2586 1369 2672 eclectica,
1397 2591 1452 2657 cui
1474 2588 1528 2658 alii
1556 2590 1628 2659 aliis
1651 2595 1759 2681 magis
1780 2593 1928 2682 subjecti

341 2721 474 2800 essent3
509 2713 597 2800 quud
627 2711 761 2800 quidem
790 2713 958 2797 posterius
985 2711 1170 2778 secundum
1197 2711 1555 2782 Rauen-rowelti
1574 2713 1601 2794 ¹)
1630 2723 1666 2784 et
1692 2718 1881 2786 Mallonii
1898 2716 1928 2800 ²)

341 2841 571 2928 experimenta
592 2858 676 2905 saue
698 2835 966 2904 verisimillimum
983 2857 1060 2905 essa
1084 2835 1269 2903 videbatur.
1300 2836 1430 2920 Quodsi
1444 2840 1537 2924 prius
1552 2836 1630 2906 illud
1646 2842 1788 2926 ponitur,
1811 2842 1928 2911 rellexi

341 2964 462 3033 caloris
493 2963 680 3030 discrimina
708 2964 741 3028 in
768 2963 842 3047 ipsu
867 2961 997 3028 demum
1020 2982 1081 3048 per
1104 2960 1328 3030 diathermana
1350 2984 1494 3050 corpora
1516 2965 1658 3032 transitu
1681 2983 1843 3053 apparere
1864 2988 1925 3054 po·

342 3095 467 3172 terant3
491 3088 522 3154 si
543 3088 728 3174 posterius,
745 3089 815 3173 jam
839 3091 917 3153 ante
940 3088 1114 3153 transitum
1138 3089 1301 3173 cognosci
1324 3085 1496 3155 debebant
1516 3110 1560 3156 ex
1575 3087 1631 3154 iiia
1645 3090 1695 3174 vi,
1720 3112 1787 3179 qua
1804 3090 1927 3159 diversi

344 3212 465 3279 caloris
493 3210 576 3278 radii
604 3234 623 3278 a
653 3210 793 3279 diversis
822 3209 1022 3296 corporibus
1050 3212 1163 3279 reflexi
1187 3217 1281 3293 suut3
1310 3211 1425 3280 rellexi
1449 3215 1536 3280 enim
1559 3212 1681 3282 caloris
1704 3216 1737 3281 vi
1762 3217 1928 3283 contraria

344 3359 477 3424 semper
499 3335 725 3423 absorptionis
748 3335 801 3402 vis
823 3333 1026 3421 exprimitur.
1062 3339 1112 3423 (p.
1131 3339 1188 3419 oti,
1210 3342 1281 3404 not.
1296 3336 1349 3418 4).

452 3459 548 3544 Quae
573 3460 705 3547 quidem
727 3481 783 3526 res
806 3462 1012 3547 experientia
1036 3459 1101 3528 buc
1124 3459 1223 3528 modo
1247 3459 1426 3548 dijudicata
1451 3471 1514 3530 est.

454 3584 677 3655 Observatum
701 3591 790 3669 erat,
819 3608 849 3650 v.
873 3604 901 3650 c.
933 3607 953 3650 a
982 3588 1126 3653 carmina
1155 3584 1313 3653 rellexum
1342 3584 1488 3652 calorem
1517 3585 1653 3670 melius,
1684 3609 1784 3674 quam
1813 3610 1833 3655 a
1862 3591 1930 3657 cin-

343 3712 459 3780 nabari
494 3713 654 3800 rejectum
682 3731 743 3796 pur
775 3710 895 3776 vitrum
929 3707 1063 3776 rubrum
1098 3716 1133 3777 et
1164 3708 1319 3798 spatbum
1354 3708 1532 3777 calcarium
1566 3713 1748 3778 transmitti
1781 3714 1833 3798 (p.
1857 3713 1930 3791 61).

344 3837 443 3921 Quod
473 3837 502 3902 si
527 3834 604 3903 inda
632 3837 755 3901 factum
782 3840 853 3918 est,
882 3835 960 3922 quia
983 3832 1104 3901 caloris
1125 3857 1187 3920 per
1210 3857 1250 3902 ea
1273 3855 1416 3922 corpora
1439 3833 1524 3902 male
1546 3837 1752 3903 transeuntis
1772 3837 1930 3924 majorem

344 3969 474 4048 partem
499 3961 676 4027 carminum
701 3957 915 4042 absorberet,
940 3980 1039 4045 quam
1064 3957 1265 4026 cinnabaris:
1290 3962 1467 4027 carminum
1491 3981 1634 4027 necesse
1649 3962 1711 4026 fuit
1724 3979 1784 4045 pro
1801 3959 1931 4027 ratione

346 4108 386 4154 eo
413 4087 524 4152 minus
554 4082 673 4151 caloris
703 4084 909 4168 reflecteret,
940 4105 1008 4171 quo
1036 4082 1151 4171 plures
1174 4085 1309 4152 alonte
1332 4084 1478 4173 quodam
1501 4084 1544 4150 ad
1567 4087 1675 4171 ipsum
1698 4083 1932 4169 pervenissent

348 4210 441 4292 radii,
465 4230 526 4297 per
548 4210 668 4276 vitrum
690 4207 824 4274 rubrum
848 4214 883 4276 et
906 4207 1060 4296 spatbum
1086 4207 1261 4276 calcarium
1283 4207 1370 4276 male
1393 4215 1614 4277 transeuntes.

458 4330 604 4400 Constat
636 4339 765 4415 autem,
801 4332 939 4419 cylindri
969 4332 1124 4401 calefacti
1154 4332 1299 4401 calorem
1328 4331 1432 4402 multo
1464 4333 1611 4402 deterius
1640 4353 1739 4419 quam
1768 4330 1932 4417 lampadis

354 4458 556 4544 Argaudicae
584 4479 644 4543 per
673 4458 795 4523 vitrum
825 4455 958 4525 rubrum
988 4463 1023 4525 et
1051 4457 1206 4545 sputlrum
1231 4457 1407 4527 calcarium
1437 4459 1578 4526 transire
1606 4457 1657 4543 (p.
1681 4456 1754 4536 72).
1798 4455 1930 4543 ltaque,

354 4582 380 4646 si
404 4580 522 4650 caloris
543 4584 577 4649 in
599 4581 777 4649 reflexione
801 4584 941 4650 mutatio
965 4605 1001 4651 re
1024 4605 1105 4651 vera
1129 4581 1345 4671 absorptione
1370 4583 1512 4671 quadam
1534 4578 1694 4650 eclectica
1711 4587 1784 4650 erat
1799 4580 1930 4663 effecta,

458 4867 477 4929 ¹)
499 4867 534 4918 cl.
553 4867 691 4920 dissertat.
710 4882 736 4932 p.
749 4864 798 4937 23,
816 4875 872 4922 not
887 4867 912 4923 i.

457 4972 912 5044 Ἷπὼωωμηωω.
