4634 5924
807 362 879 436 lul

51 595 130 677 tis,
157 592 308 680 partim
332 589 514 657 albentis
536 589 666 674 magis
687 589 825 655 varius
855 607 971 675 quam
996 588 1125 674 quiin
1148 588 1306 655 ceteris
1329 585 1514 656 omuibus
1537 611 1633 658 cen-

55 715 176 787 dendi
205 710 517 782 conditionibus
546 710 758 780 emittitur.

164 839 358 907 Varietas
384 839 513 924 igitur
541 835 695 904 caloris
725 857 745 902 a
773 856 948 923 corpore
977 833 1148 922 quodem
1178 837 1333 920 emissi,
1367 836 1402 903 id
1430 838 1522 925 quod
1552 860 1632 907 con-

51 971 183 1058 jectura
205 965 342 1050 assequi
364 958 506 1041 licebat,
535 961 575 1027 in
603 961 821 1048 superiore
847 965 1123 1047 temperatura
1151 962 1280 1049 major
1307 963 1487 1048 tpparet
1515 985 1633 1051 quam

55 1097 95 1161 in
121 1091 331 1156 inferiore.
379 1083 463 1154 Sed
485 1107 620 1172 neque
649 1087 689 1151 in
717 1106 794 1151 uno
823 1083 1047 1171 eodemque
1070 1105 1244 1171 corpore
1267 1107 1342 1152 una
1367 1108 1450 1153 cum
1473 1093 1632 1175 tempe-

56 1223 196 1285 ratura
223 1232 352 1299 usque
374 1209 447 1277 illa
474 1215 647 1296 augetur
675 1212 722 1288 (v.
747 1231 776 1276 c.
802 1214 961 1276 constans
984 1215 1154 1293 servatur,
1184 1208 1291 1277 donec
1313 1210 1383 1278 lere
1405 1211 1489 1279 ultra
1512 1207 1572 1277 9⁰·
1589 1212 1632 1278 It.

57 1340 234 1412 calefactio
251 1335 404 1418 excedat,
429 1334 471 1402 cl.
487 1356 519 1420 p.
537 1335 676 1399 13-16.
693 1335 745 1399 bl.
764 1336 816 1398 ⁷6.
833 1334 902 1413 95.)
925 1354 1060 1420 neque
1082 1333 1339 1402 diversorum
1363 1335 1519 1405 caloris
1540 1338 1631 1405 ton·

56 1469 172 1548 tium,
200 1484 274 1529 cum
297 1457 547 1559 elialqnaedem
569 1456 751 1541 recedent,
778 1459 817 1524 in
839 1479 886 1525 eo
909 1478 1070 1544 semper
1092 1461 1220 1548 major
1242 1465 1328 1543 est,
1356 1462 1420 1528 cui
1441 1464 1633 1550 superior

58 1592 347 1675 temperatura.

166 1709 331 1779 Plotinum
353 1731 384 1776 e.
408 1727 438 1773 c·
462 1704 609 1775 candens
630 1708 736 1792 magis
759 1704 911 1774 diversos
934 1704 1056 1774 caloris
1078 1705 1191 1774 radios
1215 1709 1351 1791 emittit,
1374 1729 1473 1796 quam
1496 1708 1633 1778 alcobo·

58 1838 101 1906 lis
122 1836 253 1903 tlamma
276 1835 322 1921 (p.
334 1835 385 1898 9⁴.
399 1832 478 1913 95),
500 1835 726 1917 temperatura
747 1835 859 1898 tamen
880 1829 968 1898 illius
989 1832 1126 1898 interior
1139 1830 1288 1918 putanda
1303 1839 1357 1901 est
1370 1832 1437 1918 ille,
1460 1856 1528 1922 qua
1544 1834 1633 1903 idem

58 1960 217 2049 plotinum
240 1955 413 2026 candendo
434 1955 617 2023 flavescere
639 1953 694 2022 vel
717 1952 889 2024 albescere
911 1956 1032 2043 possit

168 2084 281 2150 luter
314 2078 529 2149 emittendi
563 2085 694 2147 eutem
723 2078 881 2148 caloris
908 2078 1153 2147 facultatem
1181 2079 1472 2169 radiorumque
1499 2086 1632 2151 varie·

58 2215 199 2290 tatem,
227 2204 410 2275 seeundum
433 2208 660 2292 experimenta
681 2209 812 2287 noema,
840 2207 949 2271 ratio
979 2206 1138 2291 percipi
1166 2226 1244 2272 non
1271 2211 1424 2293 potest.

168 2330 273 2414 Quam
303 2351 384 2397 vcro
413 2331 533 2397 seriem
561 2330 673 2397 fontes
702 2328 866 2411 efficiunt,
896 2328 1080 2395 secundum
1109 2327 1229 2397 caloris
1251 2330 1416 2399 radiorum
1438 2333 1633 2400 varietatem

59 2458 235 2545 compositi
253 2458 300 2542 (p.
313 2458 364 2520 96.
380 2452 569 2537 10⁰.101.)‚
585 2451 670 2521 baec
690 2451 790 2540 plane
805 2451 922 2521 eadem
939 2459 993 2520 est
1007 2460 1110 2541 atque
1125 2474 1223 2542 quam
1238 2454 1448 2543 praeberent,
1472 2458 1501 2524 si
1515 2477 1633 2524 sccun-

30 2550 35 2563 '
59 2583 137 2649 dum
157 2577 383 2648 visibilium
405 2577 608 2645 radiorum
631 2579 827 2645 varietatem
851 2576 1106 2645 collocarentur.
1144 2579 1228 2646 Naro
1252 2586 1288 2647 et
1308 2582 1374 2668 ipsi
1389 2579 1585 2649 eisibilcsv.
1601 2602 1631 2648 c.

56 2704 219 2794 lampadis
238 2701 450 2790 Argandicae
472 2701 554 2768 radii
575 2703 682 2787 magis
703 2703 785 2769 varii
806 2699 952 2768 bebendi
974 2708 1053 2769 sunt
1077 2724 1176 2789 quam
1197 2701 1311 2789 platini
1330 2704 1516 2789 candentis,
1540 2703 1631 2791 quod

57 2852 119 2918 per
151 2828 226 2896 illos
261 2850 402 2915 corpora
437 2828 545 2893 omnia
576 2824 695 2893 diffuse
724 2825 929 2894 reflectentia
957 2825 1127 2893 coloribus
1154 2829 1260 2913 megia
1287 2826 1430 2895 diversis
1457 2834 1632 2915 apparent,

59 2953 234 3022 candentis
263 2958 372 3019 autem
399 2950 515 3038 plutini
544 2949 626 3017 redii
654 2952 762 3037 magis
788 2952 869 3017 varii
898 2972 996 3038 quam
1024 2949 1187 3018 alcebolis
1214 2951 1381 3035 dammae,
1416 2955 1493 3039 quia
1518 2951 1583 3036 illi,
1612 2976 1633 3018 a

59 3079 180 3146 diversi
213 3075 338 3144 coloris
371 3072 568 3163 corporibus
595 3074 725 3159 retlexi,
758 3073 862 3142 multo
890 3077 997 3162 magis
1024 3076 1108 3142 varii
1135 3077 1393 3163 conspiciuntur.
1427 3111 1470 3122 -
1504 3075 1633 3145 Similia

55 3224 139 3271 vero
168 3202 374 3286 exstiterint,
406 3202 436 3269 si
464 3197 613 3267 visibiles
641 3196 757 3285 platini
785 3198 960 3267 candendo
987 3198 1094 3282 rubri,
1122 3200 1214 3283 davi,
1242 3198 1310 3268 albi
1339 3200 1452 3269 radios
1479 3203 1565 3270 iuter
1592 3223 1631 3270 se

55 3328 313 3415 comparaveris.
