4634 5924
105 1984 222 2118 Cum
248 2027 420 2129 permulta
454 2033 598 2102 suntin
631 2027 855 2127 physicarum
881 2025 1070 2104 litterarum
1098 2029 1238 2118 studiis,
1270 2028 1314 2100 ad
1342 2051 1433 2125 quae
1462 2028 1627 2102 discenda
1654 2037 1691 2102 et

103 2228 355 2325 cognoscenda
381 2224 695 2298 illustrissimorum
719 2230 889 2315 virorum,
914 2226 1048 2299 Dovii
1075 2234 1111 2297 et
1136 2225 1304 2321 Magni,
1331 2224 1456 2298 ductus
1483 2246 1561 2298 sum
1588 2226 1689 2298 disci·

103 2424 199 2523 plina
227 2432 262 2496 et
293 2423 385 2496 unde
411 2422 622 2495 uberrimum
648 2444 705 2494 me
731 2421 881 2494 fructum
907 2425 1113 2520 percepisse
1139 2420 1324 2516 profiteor:
1368 2429 1439 2493 tum
1466 2421 1547 2496 inde
1575 2422 1618 2493 alr
1646 2443 1689 2496 eo

103 2630 281 2719 tempore,
322 2588 392 2714 qno
424 2616 561 2692 illorum
595 2621 800 2690 institutioni
831 2620 1004 2691 interesse
1039 2639 1244 2716 coeperam,
1283 2617 1328 2689 ad
1362 2638 1437 2689 enm
1470 2621 1689 2714 potissimum

104 2825 241 2915 partem
269 2814 488 2887 advertebam
516 2818 680 2904 animum,
715 2837 805 2911 quae
837 2817 873 2887 in
899 2813 1151 2909 investigandis
1178 2822 1214 2885 et
1240 2812 1454 2911 explicandis
1481 2811 1608 2888 caloris
1636 2836 1689 2885 ra·

103 3014 241 3121 diorum
267 3018 428 3085 versatur
453 3009 602 3106 legibus.

212 3208 334 3302 ltaque
375 3227 453 3277 eum
492 3206 664 3296 viderem,
701 3214 788 3303 quot
827 3210 1036 3303 quantisque
1075 3206 1109 3276 in
1149 3204 1214 3277 hnc
1251 3213 1351 3303 parte
1384 3206 1688 3280 observationibus

104 3402 339 3502 locupletatae
365 3403 436 3473 sint
461 3398 596 3474 litterae
615 3410 848 3499 quantumque
875 3402 1166 3497 ingeniosissimis
1184 3400 1386 3475 Mellonii
1413 3403 1600 3477 deberetur
1617 3414 1689 3479 stu·

106 3601 189 3687 diis,
222 3599 351 3669 lactum
379 3604 450 3686 est,
479 3604 517 3666 nt
544 3618 614 3668 non
641 3596 772 3688 solum,
799 3621 889 3695 qnae
915 3602 1128 3672 incrementa
1155 3601 1289 3697 ceperit
1316 3599 1471 3671 doctrina
1497 3598 1556 3671 illa
1584 3625 1689 3698 quan·

105 3805 235 3891 tosque
269 3792 325 3864 luis
357 3791 574 3890 temporibus
608 3793 732 3866 lecerit
758 3815 990 3890 progressus,
1022 3795 1198 3866 studerem
1227 3815 1462 3889 cognoscere,
1496 3797 1688 3871 sedetiam

104 3995 185 4085 ipse
220 3988 264 4060 ad
297 3987 525 4060 instituendas
558 3989 601 4062 de
637 3988 783 4063 calore
823 3991 1039 4080 radiante,
1080 3996 1140 4088 qul
1173 3992 1312 4080 dicitur,
1345 3992 1605 4090 disquisitiones
1639 3998 1689 4067 in·

105 4189 244 4258 citarer.

214 4380 254 4451 ln
283 4400 353 4475 quo
381 4383 447 4451 etsi
473 4400 615 4469 vereor,
641 4401 686 4453 nc
712 4381 755 4453 ad
782 4384 1059 4481 persequendam
1085 4391 1212 4456 mutam
1238 4405 1311 4455 rem
1338 4388 1433 4457 vires
1456 4407 1572 4477 meae,
1599 4413 1688 4486 quae

105 4599 210 4674 quam
248 4579 396 4670 exiguae
430 4578 500 4648 sint
531 4579 663 4667 sentio,
699 4601 822 4675 parum
856 4578 1021 4653 sufficere
1052 4582 1251 4670 videantur,
1288 4589 1402 4653 tnmen
1434 4586 1602 4675 virorum,
1644 4587 1688 4660 de

105 4771 309 4848 excolendis
341 4771 647 4870 provehendisque
680 4772 803 4849 litteris
831 4781 960 4876 optime
986 4782 1202 4867 meritorum,
1237 4779 1390 4852 confisus
1416 4780 1624 4857 humanitate
1653 4791 1689 4856 et

104 4969 331 5066 indulgentia,
373 4968 461 5040 hono
496 4967 772 5067 qualemcunque
813 4996 955 5074 operam
990 4999 1099 5051 meam
1133 4978 1265 5070 judicio
1303 5000 1423 5052 eorum
1462 4981 1572 5052 audeo
1606 4978 1687 5050 sule
