4544 5918
750 356 961 470 A

62 583 191 651 scimus
212 582 269 662 (ei.
285 578 433 648 tabulam
456 604 490 668 p.
507 583 560 645 43.
584 602 658 647 cnm
679 578 795 648 tabula
817 602 852 666 p.
868 583 938 656 lli.)
966 578 1055 645 nulla
1087 578 1341 647 declinationum
1367 578 1551 647 discrimina
1574 584 1645 648 exi·

64 712 166 774 stere.
207 703 404 773 sinautem
427 703 547 773 caloris
569 704 652 771 radii
674 706 708 771 in
731 704 837 772 altero
862 702 1015 791 exemplo
1038 725 1106 771 non
1129 702 1244 771 eadem
1267 706 1397 771 ratione
1419 710 1523 792 atque
1546 710 1645 773 antea

64 852 125 916 per
154 850 295 916 corpora
326 826 551 895 diatbermana
581 835 770 911 transeunt,
799 825 855 894 vel
882 828 915 893 in
946 849 1012 893 uno
1041 834 1169 894 tantum
1193 849 1334 915 corpore
1356 831 1555 915 interposito
1579 829 1644 896 alia

67 953 229 1041 quaedam
253 953 385 1020 exstitit
408 950 597 1033 declinatio,
621 958 724 1040 atque
747 957 863 1018 antea:
886 951 951 1017 boc
968 956 1062 1018 certo
1079 956 1133 1017 est
1149 951 1359 1036 documento,
1382 952 1527 1020 tabulam
1544 951 1642 1020 ebor-

64 1100 160 1145 neam
184 1077 445 1145 diatbermanam
468 1096 555 1143 esse.
594 1072 780 1142 Observata
804 1081 913 1142 autem
938 1082 993 1142 est
1017 1071 1129 1159 13⁰,6u
1148 1074 1324 1142 declinatio
1340 1079 1538 1164 interposito
1554 1080 1641 1144 vitro

64 1200 181 1286 rubro;
213 1199 332 1269 similia
354 1202 389 1266 in
411 1202 533 1267 ceteris
557 1201 759 1266 exstiterunt
781 1200 836 1284 (p.
852 1203 937 1277 46.).
984 1198 1061 1265 Jam
1084 1172 1182 1286 igitur
1206 1206 1356 1283 constat,
1386 1200 1467 1268 ebur
1496 1200 1640 1269 diatber-

64 1347 195 1392 manum
219 1346 306 1393 esse.

172 1450 293 1538 ltaque
317 1448 470 1536 quaestio
493 1445 549 1513 illa
571 1448 745 1533 proposita
766 1444 832 1512 boc
855 1444 954 1513 modo
980 1444 1192 1532 dijudicatur:

179 1570 244 1641 ’δί
259 1570 360 1654 calor,
382 1573 439 1658 qui
461 1568 742 1656 tbermoscopium
764 1592 884 1637 versus
905 1571 939 1634 in
961 1568 1076 1636 tabula
1098 1570 1327 1656 investiganda
1349 1579 1508 1659 apparet,
1538 1594 1642 1660 expo·

60 1698 159 1762 »sita
182 1694 345 1783 lampadio
365 1693 571 1780 Argandicae
593 1694 707 1776 radiis,
733 1694 983 1761 transmissione
1007 1693 1150 1761 discerni
1172 1716 1239 1761 non
1260 1698 1386 1782 poterit
1408 1695 1449 1761 ab
1473 1696 1640 1764 adiatber·

57 1821 183 1886 »mani
206 1821 355 1906 corporis
377 1816 503 1886 calore:
527 1816 641 1885 tabula
663 1820 738 1905 ipso
760 1816 1008 1884 adiatbermana
1031 1824 1097 1903 est,
1120 1820 1150 1884 si
1174 1817 1294 1901 differt,
1318 1817 1582 1887 diatbermana.»

177 1940 269 2025 Quae
291 1941 424 2029 quidem
447 1941 502 2009 lex
524 1948 594 2008 tum
618 1942 746 2008 demum
770 1943 913 2027 proponi
934 1943 1057 2027 potuit,
1089 1964 1133 2008 ex
1157 1964 1223 2029 qno
1249 1945 1417 2028 cognitum
1447 1951 1519 2027 est,
1548 1947 1640 2031 ipso-

51 2088 132 2133 rum
157 2086 333 2154 corporum
358 2064 470 2132 calore
493 2064 655 2153 ejusmodi
679 2065 867 2132 discrimina
889 2087 955 2131 non
979 2064 1075 2132 ellici.
1120 2066 1197 2133 Hoc
1219 2074 1329 2134 tamen
1352 2066 1552 2134 monendum
1575 2075 1641 2152 est,

52 2196 99 2257 ut
121 2211 166 2258 ne
187 2188 317 2257 illorum
341 2210 518 2277 corporum
541 2196 764 2275 temperatura
786 2188 873 2255 ultra
896 2185 955 2254 9⁰⁰
969 2190 1011 2255 R.
1035 2187 1181 2257 excedat
1202 2193 1248 2276 (p.
1266 2193 1315 2256 15.
1342 2194 1418 2269 lt).

174 2311 331 2382 Ceterum
354 2333 421 2380 non
441 2311 579 2400 perinde
603 2335 698 2398 esse,
728 2320 836 2380 utrum
864 2311 907 2378 ad
935 2312 1022 2380 banc
1049 2313 1315 2401 disquisitionem
1337 2313 1489 2401 lampade
1511 2317 1641 2402 Argan-

60 2439 137 2506 dieo
158 2439 277 2521 utaris,
301 2458 343 2502 an
366 2434 432 2503 ullo
455 2435 518 2503 alio
542 2436 662 2504 caloris
684 2436 790 2504 lonte:
815 2459 858 2503 ex
880 2435 946 2504 illis
962 2440 1090 2524 percipi
1104 2444 1222 2525 potest
1237 2441 1476 2527 experimentis
1495 2442 1543 2527 (p.
1559 2443 1641 2524 lb),
1690 2404 1698 2435 χ

61 2559 185 2650 quibus
207 2559 456 2628 adiatbermana
479 2569 514 2628 et
536 2560 762 2628 diatbermana
784 2582 923 2646 corpora
946 2563 1032 2628 iuter
1058 2584 1098 2629 se
1127 2562 1272 2630 discerni
1299 2586 1368 2632 non
1395 2570 1569 2650 poterant,
1598 2566 1640 2647 si,

63 2688 185 2755 ceteris
207 2683 354 2773 paribus,
377 2682 538 2771 lampadis
560 2685 637 2753 loco
663 2684 832 2772 cylindrus
854 2684 896 2752 ad
920 2682 1033 2752 so‘R.
1057 2685 1240 2754 calefactus
1266 2685 1494 2754 adhibebatur.

178 2810 318 2891 ¹·I’,ossis
340 2815 451 2877 tamen
474 2812 572 2877 etiam
601 2809 868 2897 investigandam
895 2808 1044 2877 tabulam
1073 2809 1233 2898 deinceps
1259 2809 1403 2897 lampadi
1426 2809 1640 2895 Argandicae

71 2942 126 3003 ¹·et
147 2934 367 3003 calorislonti
382 2931 492 3001 80·st
510 2955 679 3020 exponere
701 2941 803 3023 atque
827 2934 1020 3021 disquirere,
1044 2940 1151 3002 utrum
1176 2941 1210 3001 et
1231 2932 1284 3000 bic
1308 2940 1344 3000 et
1365 2933 1433 3001 illic
1456 2937 1514 3022 qui
1536 2957 1640 3022 appa-

72 3066 166 3127 »rent
199 3043 318 3128 caloris
348 3057 431 3124 radii
462 3059 586 3145 pariter
618 3080 680 3145 per
714 3059 939 3145 diatberrnana
973 3080 1116 3147 corpora
1152 3065 1344 3143 transeant,
1386 3081 1429 3126 an
1461 3060 1639 3144 impariter.

73 3182 218 3268 »Quodsi
239 3185 331 3269 prius
353 3181 401 3266 lit,
425 3181 673 3250 adiatbermana
697 3191 750 3251 est
771 3182 884 3251 tabula
907 3185 965 3266 (cl.
988 3190 1162 3271 conspect.
1185 3207 1217 3270 p.
1235 3186 1287 3247 lu.
1305 3185 1381 3266 lt),
1405 3184 1435 3249 si
1457 3185 1639 3269 posterius,

73 3307 340 3378 ”diatbermanau
369 3307 432 3387 (ci.
457 3313 628 3395 conspect.
651 3330 683 3393 p.
701 3312 754 3375 46.
772 3311 855 3385 47.).

168 3433 329 3502 Proiecto
357 3434 457 3520 igitur
482 3431 563 3499 illud
591 3433 792 3517 invenimus,
828 3456 907 3522 qua
940 3440 1054 3501 certa
1088 3435 1227 3520 possit
1261 3438 1302 3498 et
1335 3452 1441 3499 nova
1474 3433 1640 3499 ratione

72 3560 291 3642 constitui,
319 3579 409 3626 num
438 3578 589 3645 corpus
617 3555 784 3644 aliquod
814 3558 1130 3627 diatbermanum
1159 3560 1217 3624 sit
1245 3577 1396 3640 necne,
1428 3576 1568 3643 eamque
1597 3553 1640 3622 ad

71 3687 220 3775 majorem
251 3683 350 3751 etiam
378 3680 573 3749 subtilitatis
602 3681 738 3768 gradum
761 3682 950 3768 provebere
971 3681 1065 3766 licet,
1096 3683 1175 3770 quia
1202 3701 1270 3749 non
1299 3679 1438 3768 amplius
1466 3679 1549 3748 illud
1570 3681 1639 3766 agi·

73 3811 128 3894 tur,
158 3814 201 3876 ut
228 3805 271 3874 ab
296 3809 401 3895 ipsius
424 3808 574 3894 eorporis
597 3805 818 3894 investigandi
842 3807 953 3876 calore
974 3807 1255 3895 tbermoscopium
1280 3804 1484 3874 defendatur.
1530 3802 1639 3887 Quare

73 3929 133 4001 ieri
152 3938 280 4023 potest,
302 3937 340 4000 ut
363 3929 482 3999 caloris
504 3933 580 3999 sons
604 3929 787 4020 quamlibet
807 3933 874 3997 vim
897 3933 929 3997 in
952 3930 1030 3999 illud
1053 3938 1220 4001 exerceat.
