4544 5918
492 670 610 744 [inclinatio

192 786 299 840 Gssorts
316 786 417 837 tontes
476 732 625 839 lelldlsnlll'
669 837 674 848 ,

483 855 534 931 tium
550 870 574 901 ra
591 857 619 900 'a-
653 850 742 880 ’ΠΜ

191 1066 292 1138 Corpus
311 1066 417 1137 aliquod
508 1112 511 1117 ⁴

150 1137 373 1199 adiathermanum‚
386 1146 460 1207 temp.

180 1208 426 1265 wit-8⁰⁹&

217 1727 272 1795 Ad
302 1750 388 1815 quae
420 1729 448 1794 si
475 1723 556 1791 illud
584 1724 772 1811 adjicimus,
802 1721 893 1809 quod
921 1725 1125 1811 experientia
1152 1722 1263 1790 edocti
1297 1746 1432 1808 sumus,
1468 1725 1673 1793 diversorum

97 1875 294 1941 corporum,
322 1854 352 1918 si
382 1849 515 1939 quidem
544 1851 672 1915 ratione
702 1847 829 1913 directa
858 1845 997 1914 eandem
1019 1846 1260 1935 tbermoscopii
1282 1848 1491 1916 affectionem
1515 1849 1675 1935 efficiunt,

94 1977 211 2046 calore
235 1976 383 2043 radiante
406 1996 504 2042 unum
526 1972 682 2059 idemque
706 1991 829 2057 corpus
854 1969 970 2037 eadem
992 1977 1029 2038 et
1050 1974 1217 2038 constanti
1239 1973 1368 2039 ratione
1391 1970 1551 2050 calefieri,
1575 1976 1678 2040 sicuti

95 2124 198 2169 unum
220 2100 375 2187 idemque
399 2120 521 2184 corpus
544 2094 804 2162 diatbermanurn
827 2092 943 2160 eadem
971 2102 1006 2161 et
1034 2097 1202 2162 constanti
1230 2098 1357 2163 ratione
1385 2095 1491 2162 abeo
1519 2103 1671 2164 transea-

95 2234 167 2293 tur:
185 2228 257 2314 Jam
280 2243 323 2290 ex
346 2217 637 2289 obseruationibus
659 2215 726 2282 illis
740 2215 825 2283 baec
842 2225 1033 2287 evenerunt.
1069 2216 1192 2286 Calor
1215 2242 1234 2285 a
1258 2218 1559 2287 diversissimis
1583 2241 1673 2287 cor·

93 2347 269 2439 poribus
298 2345 467 2427 solidis,
499 2345 558 2409 eis
588 2340 747 2430 quidem
775 2339 974 2422 omnibus,
1009 2363 1112 2429 qnae
1145 2342 1222 2408 huc
1249 2365 1375 2430 usque
1403 2346 1674 2432 investigavi,

95 2474 243 2562 impari
278 2467 559 2536 crassitudine
592 2467 820 2553 imparique
855 2467 1095 2553 superficiei
1133 2471 1275 2532 natura
1312 2468 1501 2551 emissus,
1540 2466 1675 2555 quoad

94 2619 202 2665 nunc
241 2592 404 2682 quidem
445 2612 523 2658 rem
564 2592 733 2676 coscqui
771 2588 887 2672 licet,
928 2591 1045 2655 unius
1089 2588 1358 2678 ejusdemque
1398 2594 1563 2677 generis
1609 2597 1674 2658 est

99 2717 420 2798 existimandus,
473 2711 773 2803 quoquomodo,
823 2715 930 2778 intra
966 2713 1074 2779 fines
1118 2712 1256 2780 borum
1303 2716 1672 2799 experimentorum

93 2841 230 2929 (wli
255 2847 288 2910 et
310 2837 461 2922 90⁰1t),
484 2835 631 2903 inillis
655 2838 866 2903 excitatus
887 2836 974 2902 fuit.

210 2967 326 3052 ltaque
349 2967 378 3030 si
400 2963 616 3049 reputaveris,
643 2982 662 3026 a
686 2981 825 3047 corpore
849 2958 992 3047 quodam
1016 2981 1147 3047 semper
1170 2960 1349 3048 ejusdcm
1373 2962 1535 3046 generis
1560 2961 1670 3029 calo-

93 3115 178 3161 rem
205 3090 327 3171 emitti,
358 3086 611 3176 quibuscunque
634 3082 734 3151 radiis
758 3083 889 3151 calefiat
910 3085 958 3170 (p.
975 3084 1134 3168 ati-tt),
1163 3083 1261 3151 facile
1284 3082 1501 3171 intelligetur,
1525 3087 1614 3174 qnod
1636 3091 1670 3154 in
1699 3160 1706 3173 ‚

91 3220 208 3306 priore
232 3215 342 3300 capite
366 3210 576 3278 observatum
600 3215 670 3291 est,
700 3216 736 3275 et
757 3212 861 3295 ipsam
886 3206 1099 3276 emittendi
1127 3207 1384 3293 facultatem,
1414 3232 1480 3296 qua
1502 3209 1590 3278 illius
1614 3233 1668 3279 ca·

91 3342 173 3408 loris
204 3339 327 3425 copia
356 3335 590 3414 constituatur,
624 3353 740 3398 unam
775 3332 1024 3420 eandemque
1059 3354 1137 3400 esse
1165 3332 1306 3401 diversis
1333 3330 1387 3401 bis
1415 3334 1668 3404 conditionibus.

93 3470 143 3552 (p.
159 3462 317 3538 36-39.)

203 3584 286 3653 lllud
316 3587 424 3650 antem
452 3583 494 3649 ad
522 3580 854 3666 investigandum
879 3580 1050 3648 calorem
1073 3582 1333 3667 specificam,
1364 3583 1421 3667 qui
1445 3582 1579 3668 dicitur,
1610 3582 1667 3651 ali-

93 3716 191 3802 cujus
215 3708 294 3777 mibi
317 3707 446 3775 videtur
467 3706 623 3772 momenti
646 3724 733 3771 ease.
777 3703 910 3771 Etenim
940 3707 969 3772 si
997 3703 1122 3790 glacies
1147 3705 1181 3768 in
1204 3703 1413 3771 calorimetro
1433 3702 1457 3786 ¹)
1481 3707 1624 3776 calorem
1648 3731 1668 3775 a

95 3836 241 3905 diversis
264 3830 460 3920 corporibus
482 3831 640 3897 emissum
661 3832 731 3916 jam
759 3829 844 3894 intra
872 3826 946 3895 illos
974 3833 1217 3913 temperaturae
1246 3826 1329 3894 flues
1356 3830 1523 3917 impariter
1551 3831 1665 3900 absor-

92 3960 192 4029 beret
208 3958 250 4040 ¹),
279 3954 310 4022 b.
333 3976 361 4023 e.
391 3976 434 4022 ex
463 3954 577 4021 eadem
606 3957 642 4018 et
665 3952 832 4018 constanti
855 3949 975 4018 caloris
1000 3953 1097 4037 copia
1118 3947 1160 4016 ab
1184 3972 1248 4017 uno
1272 3951 1420 4022 alterove
1443 3977 1582 4042 corpore
1607 3978 1665 4023 ex-

93 4084 205 4151 euntis
226 4084 383 4169 majorem
407 4077 461 4144 vel
483 4079 640 4144 minorem
670 4081 813 4161 partem:
842 4074 1042 4160 liquefactae
1071 4073 1188 4160 glaciei
1217 4078 1385 4162 quantitas
1412 4099 1476 4143 nou
1503 4080 1665 4166 integram

97 4202 277 4293 praeberet
298 4223 483 4270 mensuram
508 4200 626 4268 caloris
648 4222 668 4264 a
693 4197 832 4265 diversis
856 4198 1050 4285 corporibus
1074 4200 1185 4265 emissi
1208 4201 1342 4286 copiae,
1370 4204 1403 4266 in
1433 4222 1498 4287 qua
1528 4223 1664 4290 compu-

96 4328 197 4395 tanda
218 4334 293 4396 tota
315 4326 400 4393 baec
422 4332 574 4393 versatur
595 4323 816 4408 investigatio.

206 4536 229 4593 ¹)
249 4530 427 4587 bavolsier
450 4535 484 4581 et
506 4531 658 4594 nsprsoe.
687 4524 767 4581 Mem.
785 4529 819 4579 de
836 4528 937 4580 l'Acad·
955 4528 1004 4579 des
1022 4528 1066 4581 Se.
1085 4524 1116 4593 (ir
1132 4529 1223 4588 Paris)
1242 4524 1317 4579 1780.
1335 4540 1361 4589 p.
1374 4523 1436 4580 355.
1455 4542 1512 4595 sqq
1530 4556 1565 4569 -
1582 4532 1665 4589 ιᾰι,

91 4642 126 4692 de
142 4640 226 4695 cirin.
244 4639 276 4690 Τ.
295 4638 316 4692 1.
338 4664 372 4676 -
401 4630 665 4702 Lavofsier,'1'ratte
684 4631 762 4685 ele‘m.
781 4633 914 4685 ductim.
932 4635 993 4685 Par.
1013 4629 1088 4687 1805.
1111 4636 1151 4700 ll,
1169 4629 1216 4686 76.
1232 4657 1265 4670 -
1284 4631 1438 4701 bavouier,
1455 4636 1662 4702 Physikniflcu.

89 4743 371 4801 annecterentur.
390 4741 480 4794 ibera.
499 4755 551 4793 ron
564 4739 685 4804 Wetgel.
704 4741 750 4791 aa.
764 4739 810 4791 111.
830 4755 854 4803 p.
868 4735 927 4792 292.
947 4754 1004 4803 sqq.

203 4850 226 4915 ¹)
250 4847 330 4901 sicuti
347 4846 373 4900 in
392 4847 507 4898 diversis
525 4844 556 4897 fit
574 4845 675 4897 caloris
692 4845 827 4903 rediisti).

199 4958 220 5009 'l
241 4956 362 5003 lulloni.
390 4954 470 5015 (irrupt
486 4954 543 4999 read
559 4953 600 5009 Vl,
616 4956 668 4995 att.
683 4972 713 4981 -
728 4951 832 5013 Psggead.
848 4951 920 4996 Arari.
936 4949 1010 5008 mv,
1026 4952 1153 4996 tit-m.
1171 4970 1200 4979 -
1216 4950 1289 4995 llera'r
1304 4950 1388 5012 liopert.
1403 4952 1440 5011 lV,
1457 4958 1507 5000 ato.
1525 4960 1575 4997 m.
1668 4952 1671 4957 '

1240 5057 1279 5115 ⁷0
