4544 5918
1390 355 1439 430 96

735 585 814 650 lam
836 585 936 669 igitur
959 581 1003 647 ad
1025 586 1152 648 certum
1175 579 1342 668 quendam
1365 583 1577 666 pervenimus
1600 582 1791 662 terminum,
1814 580 1847 646 iu
1871 599 1937 666 quo
1954 575 2080 645 caloris
2096 575 2211 644 radio-

625 732 696 777 rum
719 710 865 775 varietas
895 708 1002 772 omnis
1031 707 1206 772 evanescit
1234 704 1336 793 idque
1366 711 1438 772 tum
1460 706 1603 787 demum,
1626 709 1807 792 postquam
1834 701 2011 771 visibilium
2041 702 2215 770 radiorum

626 827 812 903 discrimino
829 831 1023 919 jamdudum
1046 829 1089 896 ab
1114 827 1214 898 oculo
1237 832 1367 918 percipi
1390 835 1569 917 nequeunt.

735 958 788 1027 Ad
812 956 904 1044 quod
925 953 1003 1022 milri
1025 952 1164 1042 alicujus
1186 957 1345 1021 momenti
1367 953 1542 1021 videbatur
1564 955 1786 1039 investigare:

837 1078 1041 1168 quomodo
1073 1078 1228 1146 caloris
1257 1078 1462 1146 radiorum
1485 1080 1672 1144 varietas
1695 1076 1743 1142 ab
1768 1099 1843 1144 uuo
1868 1077 2097 1165 eodemque
2120 1098 2216 1144 cor-

836 1224 937 1292 pore
967 1205 1211 1270 emissorum
1239 1224 1316 1269 nna
1345 1224 1432 1269 cum
1455 1204 1589 1290 ipsius
1611 1207 1893 1288 temperatura
1916 1206 2155 1268 mutaretur.

737 1328 845 1414 Quem
868 1326 1032 1394 adfinem
1054 1333 1195 1414 unaque
1218 1325 1291 1409 illa,
1316 1348 1416 1413 quam
1437 1324 1538 1393 modo
1563 1325 1745 1412 descripsi,
1769 1327 1897 1393 ratione
1919 1327 1969 1391 nti
1990 1321 2132 1409 licebat3
2159 1328 2221 1390 aut

629 1457 718 1523 enim
741 1451 894 1521 calefacti
918 1453 1067 1538 corporis
1092 1449 1183 1518 calor
1205 1454 1238 1517 in
1262 1451 1405 1518 diversis
1427 1456 1673 1537 temperaturae
1697 1448 1856 1536 gradibus
1878 1470 1899 1515 a
1928 1447 2124 1537 corporibus
2154 1450 2220 1516 im·

628 1575 766 1666 paribus
805 1576 923 1643 diffuse
952 1574 1081 1642 reflecti
1114 1581 1251 1661 poterat
1283 1582 1342 1642 aut
1368 1596 1429 1662 per
1458 1574 1591 1642 diversa
1622 1596 1765 1660 corpora
1794 1575 1991 1658 transmitti,
2019 1575 2222 1662 priusquam

628 1725 691 1791 per
718 1708 811 1770 certa
840 1700 1006 1789 quaedam
1034 1700 1259 1768 diathenmana
1290 1721 1431 1786 corpora
1460 1702 1626 1766 transiret.
1683 1696 1872 1785 Utrobique
1901 1700 1988 1765 enim
2024 1698 2222 1766 discrimina

627 1830 722 1895 nasci
743 1826 886 1894 vidimus
910 1848 951 1893 eo
972 1829 1097 1914 majora
1120 1847 1229 1913 eoque
1252 1826 1359 1911 magis
1381 1827 1490 1907 varia,
1515 1845 1582 1911 quo
1605 1824 1713 1909 magis
1735 1821 1859 1890 diversi
1882 1825 2016 1910 generis
2038 1828 2134 1908 sunt,
2161 1825 2221 1911 qui

629 1975 650 2019 a
673 1951 793 2019 caloris
815 1953 909 2018 fonte
933 1950 1016 2016 radii
1039 1955 1174 2017 exeunt.

662 2141 664 2148 ,
738 2078 834 2142 Prior
858 2082 968 2142 antem
991 2076 1076 2141 ratio
1100 2075 1325 2160 praestantior
1346 2071 1425 2137 mihi
1446 2074 1521 2138 visa
1544 2079 1616 2154 est,
1641 2072 1734 2159 quod
1756 2094 1844 2161 aqua
1866 2072 1987 2159 frigida
2009 2076 2057 2160 (p.
2073 2073 2127 2140 5⁷.
2149 2074 2221 2153 58.)

629 2199 791 2288 impedire
824 2205 999 2286 poteram,
1039 2219 1082 2264 ne
1116 2199 1264 2283 ipsorum
1300 2217 1477 2283 corporum
1518 2194 1759 2262 reflectentium
1796 2196 1970 2264 calefactio
2004 2198 2222 2285 experimen·

631 2330 702 2391 tum
723 2322 882 2390 turbaret.
927 2324 1154 2390 Posteriorem
1177 2343 1258 2388 vero
1282 2327 1421 2388 secutus
1449 2321 1611 2386 rationem
1636 2323 1769 2387 omnino
1798 2323 1904 2387 vitare
1932 2342 2000 2387 non
2025 2323 2225 2407 potuissem

630 2468 806 2534 corporum
829 2449 914 2514 fonti
936 2448 1160 2533 proximorum
1184 2443 1433 2512 calefactionem
1455 2466 1566 2532 neque
1589 2447 1654 2509 vim
1678 2447 1751 2532 ejus
1775 2466 1946 2513 removere
1968 2447 2032 2514 nisi
2058 2447 2224 2515 diminuta

628 2571 869 2658 thermoscopii
893 2570 1079 2637 affectione.
1125 2572 1240 2656 Atque
1270 2575 1307 2635 nt
1334 2576 1433 2635 antea
1456 2571 1503 2655 (p.
1530 2570 1716 2651 16-18.),
1739 2571 1790 2636 sic
1813 2570 1856 2636 ad
1878 2569 1964 2638 hanc
1986 2584 2126 2660 quoque
2150 2571 2224 2640 sol-

629 2695 772 2764 vendam
789 2697 1021 2783 quaestionem
1036 2693 1198 2780 plotinum
1214 2691 1336 2780 spirale
1351 2714 1451 2781 super
1470 2691 1632 2780 lampadis
1647 2691 1867 2762 Bernelianae
1891 2698 2055 2764 caminum
2076 2698 2225 2785 primunr

630 2823 715 2887 infra
739 2816 799 2885 9⁰⁰
815 2820 858 2888 R.
883 2817 1034 2901 calefeci,
1063 2823 1132 2885 tum
1158 2817 1319 2903 deinceps
1346 2819 1407 2900 ita,
1437 2824 1474 2884 nt
1497 2817 1670 2886 candendo
1693 2818 1843 2904 rubrum,
1865 2820 2002 2907 flavum,
2026 2820 2138 2890 album
2161 2822 2222 2891 fie-

631 2951 694 3011 ret
717 2978 761 2990 -
784 2943 943 3011 Platini
967 2949 1078 3010 autem
1103 2943 1313 3009 inferioris
1335 2947 1647 3028 temperaturae
1672 2943 1783 3029 calor,
1806 2946 2077 3016 secundumillas
2093 2947 2136 3016 de
2160 2971 2221 3037 cy·

631 3068 738 3136 lindro
762 3067 869 3134 calido
893 3066 1168 3151 observationes,
1191 3088 1324 3155 semper
1347 3066 1465 3134 eodem
1487 3066 1587 3136 modo
1615 3090 1676 3157 per
1705 3090 1846 3158 corpora
1870 3071 2097 3140 diatbermana
2126 3074 2222 3143 adlui-

631 3191 704 3259 bita
732 3195 868 3276 transit,
897 3195 969 3259 sive
997 3213 1066 3258 non
1092 3190 1237 3259 reflexus
1266 3196 1336 3275 est,
1365 3194 1439 3259 sive
1473 3215 1493 3258 a
1523 3193 1758 3263 diversissimis
1789 3194 1985 3285 corporibus
2014 3197 2140 3269 diffuse
2169 3225 2224 3271 re-

634 3315 753 3382 flexus.
781 3357 820 3369 -
851 3316 890 3381 ln
911 3315 963 3382 his
987 3314 1120 3401 quidem
1143 3315 1308 3403 exemplis
1330 3316 1504 3402 omnibus,
1535 3319 1661 3387 directa
1683 3317 1744 3385 2⁰⁰
1768 3319 1991 3392 declinatione
2016 3327 2222 3414 interposito

633 3441 720 3506 vitro
755 3438 874 3522 rubro,
915 3438 1090 3508 declinatio
1127 3437 1221 3524 82⁰8
1238 3476 1281 3488 —
1298 3440 1414 3527 8⁰35,
1453 3443 1574 3530 spatha
1611 3450 1723 3513 autem
1762 3443 1907 3515 calcario
1948 3444 2220 3536 ⁵⁸,17-5·,42

633 3562 754 3630 effecta
783 3570 844 3631 est

744 3686 807 3771 Qui
837 3691 964 3756 numeri
992 3696 1029 3757 et
1056 3692 1089 3756 in
1117 3689 1170 3758 bis
1194 3694 1285 3759 etin
1309 3691 1384 3758 aliis
1409 3692 1604 3780 corporibus
1629 3695 1865 3766 diatbermanis
1887 3698 2059 3770 observati
2080 3710 2161 3772 sunt
2186 3713 2224 3772 et

634 3811 735 3881 medii
758 3816 905 3881 eternis
929 3817 1166 3901 experimentis
1195 3817 1227 3881 in
1250 3814 1336 3902 hoc,
1360 3820 1416 3905 qui
1439 3821 1610 3909 sequitur,
1633 3821 1744 3890 indice
1766 3822 1926 3910 leguntur.
