4544 5918
1386 333 1437 409 llll

616 581 701 648 pora
723 560 922 647 interposita
944 556 1055 630 denuo
1077 576 1212 645 semper
1234 558 1424 629 ruminata
1448 563 1520 642 est,
1542 559 1635 627 intra
1660 556 1743 627 illud
1770 558 1930 647 uaporis
1956 556 2104 643 spatium
2130 555 2208 623 lere

617 682 723 756 nihilo
745 660 899 770 augetur,
921 681 956 752 id
978 680 1069 769 quod
1091 680 1179 750 baad
1203 679 1303 753 dubie
1326 680 1398 753 lieri
1418 679 1611 770 oportebat,
1633 682 1724 753 eiad
1737 681 1881 751 redeam
1896 654 2208 749 reconderem-

618 811 664 879 tis
687 809 837 896 eorporis
860 805 954 877 calor
974 807 1083 892 magis
1104 807 1281 894 magisque
1302 804 1495 879 accederet

732 930 889 1001 Ceterum
917 933 1005 999 intra
1029 929 1151 1014 l‚ll-2
1177 928 1297 1013 boras,
1326 927 1450 1017 quibus
1472 950 1537 999 una
1560 926 1829 999 observationum
1848 929 1959 999 series
1981 925 2205 1016 comproben-

619 1056 708 1124 ditur
731 1054 923 1145 quibusque
946 1052 1024 1120 cubi
1047 1051 1167 1140 singuli
1190 1053 1234 1120 ad
1256 1075 1418 1120 summum
1442 1060 1562 1142 quater
1584 1053 1707 1121 caloris
1727 1053 1829 1120 radiis
1844 1057 2069 1141 exponuntur,
2090 1072 2204 1140 aquae

617 1188 844 1269 temperatura
868 1177 1049 1246 radiatione
1071 1175 1162 1245 nullo
1184 1179 1219 1243 in
1241 1175 1329 1246 cubo
1352 1176 1429 1264 plus
1452 1199 1551 1266 quare
1572 1174 1694 1262 ⁰251&
1717 1177 1911 1247 incrementi
1933 1178 2066 1267 accipit.
2105 1173 2205 1259 Quae

618 1326 694 1375 cum
717 1301 857 1370 laterum
879 1300 979 1387 pilam
1003 1323 1122 1370 versus
1144 1299 1282 1389 oblique
1303 1299 1542 1371 collocatorum
1566 1301 1742 1370 calefactio
1758 1300 2072 1370 tantummodciere
2089 1298 2127 1368 1·
2143 1299 2206 1366 de·

620 1427 832 1495 clinationem
862 1423 1003 1507 efficiat,
1032 1426 1147 1491 vitium
1176 1424 1275 1508 illud,
1305 1424 1396 1512 quod
1424 1426 1457 1490 in
1486 1447 1525 1493 ea
1547 1426 1721 1510 inseritur,
1751 1446 1838 1512 quae
1860 1431 1941 1513 post
1963 1444 2107 1512 corpora
2129 1423 2205 1491 dla-

618 1549 792 1618 tbermana
824 1550 1024 1636 interposite
1057 1547 1292 1632 observentur,
1327 1545 1481 1619 dimidios
1513 1549 1638 1635 gradus
1671 1550 1839 1619 excedere
1871 1538 2012 1636 nequit.¹
2044 1545 2206 1617 Eatenus

620 1679 731 1743 antem
753 1692 972 1752 annuorum,
996 1674 1054 1759 qui
1075 1678 1197 1760 postea
1218 1671 1462 1756 indicabuntur,
1485 1671 1673 1743 discrima
1694 1680 1787 1744 certa
1807 1673 1963 1745 babendo
1984 1677 2075 1743 snut.

730 1798 761 1864 2.
806 1794 1050 1884 Experimento
1080 1818 1161 1864 raro
1189 1798 1328 1885 saepius
1349 1798 1470 1864 iterato
1495 1818 1568 1865 eum
1591 1804 1672 1884 port
1694 1820 1836 1888 corpora
1857 1799 2058 1886 interposita
2082 1793 2204 1865 eadem

618 1943 752 2009 semper
780 1942 861 1991 acus
888 1920 1069 1989 declinatio
1098 1919 1312 2001 observetur,
1341 1940 1475 2006 semper
1503 1921 1619 1990 eadem
1646 1921 1766 1991 caloris
1789 1925 1886 2011 copia
1907 1942 1969 2009 per
1989 1920 2047 1988 illa
2070 1918 2204 1986 manit-

620 2043 750 2130 Qeodsi
777 2045 904 2115 directa
932 2043 1110 2115 declinatio
1138 2047 1172 2112 in
1205 2046 1328 2112 iterato
1363 2047 1593 2131 experimento
1624 2049 1745 2132 partim
1777 2048 1924 2134 ipsorum
1957 2044 2205 2130 rellectcntium

619 2191 796 2257 corporum
819 2167 932 2237 calore
955 2167 1156 2253 alliceretur,
1179 2190 1261 2237 acus
1283 2177 1365 2254 post
1386 2170 1584 2256 interposita
1608 2190 1749 2257 corpora
1770 2172 1881 2239 minus
1902 2168 2073 2239 declinare
2096 2165 2204 2236 debe·

618 2293 693 2377 bat,
729 2315 827 2381 quam
857 2299 973 2375 antea,
1008 2295 1161 2381 quoniam
1192 2289 1284 2358 calor
1312 2290 1354 2357 ab
1383 2290 1450 2358 illis
1481 2295 1624 2361 emissus
1647 2298 1713 2380 'pro
1743 2296 1873 2362 rationo
1894 2295 2004 2360 minus
2028 2291 2119 2361 bene
2140 2311 2205 2378 per

619 2437 762 2504 corpora
799 2415 857 2485 illa
893 2417 1031 2498 transit,
1070 2436 1169 2504 quam
1206 2415 1353 2486 rellesus
1389 2415 1552 2504 lampadis
1585 2418 1795 2503 Argandioae
1834 2415 1941 2499 calor,
1978 2437 2049 2504 quo
2089 2415 2131 2482 ad
2167 2413 2205 2480 id

618 2562 700 2610 usus
723 2560 823 2608 cram.

728 2666 769 2731 V.
794 2685 822 2730 c.
851 2662 1053 2749 luter-posito
1083 2665 1168 2730 vitro
1192 2662 1291 2731 rubro
1315 2664 1492 2751 quinquies
1514 2685 1596 2730 acus
1619 2664 1662 2730 ad
1685 2660 1896 2749 (issi-625
1920 2665 2083 2748 recessit,
2110 2664 2199 2728 vitro

617 2786 774 2857 caeruleo
804 2787 848 2855 ad
877 2787 970 2872 ⁴2⁶,
999 2786 1141 2857 alumine
1168 2787 1212 2861 ed
1233 2783 1474 2870 tte-³275,
1501 2789 1532 2861 si
1555 2786 1689 2876 quidem
1713 2787 1803 2857 calor
1825 2810 1846 2854 a
1867 2810 1978 2875 panno
2000 2787 2197 2857 sumetico

615 2915 711 2999 nigro
738 2911 974 2981 reflectebatur
1000 2933 1203 2999 semperque
1232 2919 1311 2980 ante
1341 2932 1463 3001 corpus
1492 2913 1724 2999 interpositum
1753 2932 1835 2980 aeos
1858 2913 1900 2979 ad
1926 2909 1984 2978 13·
2006 2911 2195 2980 deflexerat.

615 3036 799 3105 Praeterea
826 3045 922 3105 terna
950 3038 1179 3122 experimenta
1207 3035 1438 3105 tantumnodo
1468 3039 1487 3100 5
1516 3037 1715 3105 minutorum
1743 3035 1919 3105 intervallo
1949 3033 2198 3118 dirimebantur,

615 3161 701 3228 intra
725 3160 815 3248 quod
838 3166 972 3246 tempus
994 3158 1102 3229 cubus
1125 3160 1226 3228 radiis
1248 3179 1314 3227 non
1338 3166 1411 3229 eret
1432 3161 1620 3246 expositus.

728 3286 758 3347 3.
804 3282 907 3349 Iidem
932 3290 968 3350 et
990 3288 1186 3350 constantes
1208 3286 1336 3352 numeri
1358 3288 1392 3351 in
1414 3285 1663 3352 transmissione
1680 3291 1855 3371 apparent,
1876 3281 2038 3367 adhibito,
2063 3291 2102 3352 ut
2115 3284 2198 3351 inira

616 3405 820 3491 videbimus,
849 3428 915 3475 uno
939 3406 1126 3494 eodemque
1149 3426 1291 3495 corpore
1314 3408 1510 3481 reflectente
1534 3408 1685 3478 diversae
1709 3409 1917 3495 asperitatis,
1946 3410 2102 3496 quamvis
2127 3415 2197 3474 tum

616 3531 749 3601 diversa
772 3528 892 3601 caloris
915 3533 1013 3619 copia
1035 3529 1271 3615 absorbeatur,
1295 3537 1331 3599 ct
1352 3534 1426 3618 ipsa
1449 3533 1654 3605 emitteretur
1677 3532 1807 3603 diversa
1831 3535 1947 3620 copia,
1970 3535 2037 3603 nisi
2057 3530 2195 3619 impedi·

615 3662 708 3725 retur
729 3676 829 3742 equa,
852 3677 941 3745 quae
962 3658 997 3725 in
1020 3653 1115 3725 cubis
1136 3658 1233 3725 inest
1252 3656 1276 3733 ¹)

724 3778 844 3867 ltaque
871 3782 1048 3865 existimo,
1077 3779 1141 3849 bec
1170 3781 1297 3847 ratione
1327 3777 1474 3851 exhibita
1502 3780 1755 3851 calefactionem
1777 3781 1966 3869 superficiei
1989 3781 2198 3851 reflectentis

613 3909 698 3977 satis
720 3902 913 3994 inpeditam
935 3907 1060 3988 luisse,
1087 3906 1134 3973 ita
1162 3903 1311 3991 quidem,
1341 3911 1379 3973 at
1400 3904 1517 3975 reflexi
1540 3903 1662 3974 celcris
1685 3905 1827 3975 effectus
1849 3927 1917 3974 non
1937 3927 1980 3975 eo
2003 3907 2106 3977 modo
2126 3911 2198 3972 trer-

614 4030 715 4101 llatus
738 4033 795 4113 sit,
817 4032 914 4118 cujus
937 4027 1050 4117 aliqua
1072 4029 1172 4096 luerit
1193 4030 1278 4099 ratio
1300 4027 1463 4099 habenda.

724 4154 855 4223 Eadem
878 4175 959 4220 vero
984 4159 1019 4218 et
1042 4158 1201 4220 constans
1225 4154 1463 4240 comparationi
1485 4155 1670 4221 inserviens
1694 4152 1891 4238 declinatio,
1918 4153 2160 4241 quamcalcre
2179 4176 2202 4223 a

616 4279 758 4349 diversis
782 4275 980 4368 corporibus
1002 4275 1128 4345 reflexo
1152 4278 1315 4364 consequi
1343 4298 1429 4365 opus
1457 4284 1549 4362 erat,
1576 4280 1769 4364 priusquam
1799 4277 2024 4347 diatbermana
2053 4300 2203 4367 nemora

617 4462 1038 4485 w

730 4596 752 4651 1)
772 4594 846 4655 oure
864 4595 953 4647 amala
971 4608 1026 4647 non
1044 4590 1128 4659 flunt,
1151 4593 1176 4645 sl
1194 4592 1256 4645 call
1273 4607 1358 4659 aqua
1381 4610 1446 4649 non
1469 4594 1603 4659 impleti
1627 4594 1728 4649 enoris
1745 4595 1831 4648 radlia
1854 4599 2036 4662 exponuntur.
2071 4596 2201 4664 Ipsorum

616 4698 687 4754 enlm
707 4697 784 4750 calor
801 4702 857 4749 lun
875 4712 953 4751 acum
972 4698 1192 4764 multiplicareris
1215 4699 1352 4751 nonnrrllls
1376 4701 1506 4766 munes
1524 4698 1644 4753 deflectit
1666 4701 1813 4766 mlnrdlque
1830 4703 2030 4757 declinationes
2048 4709 2113 4769 port
2129 4716 2203 4758 cor·

615 4822 683 4874 pora
701 4805 883 4856 dlatleermana
900 4804 1062 4869 interposlla
1080 4820 1114 4859 eo
1133 4807 1232 4871 magle,
1256 4818 1310 4870 quo
1335 4803 1467 4873 majorem
1490 4807 1610 4859 directae
1632 4809 1822 4863 declinationis
1846 4815 1948 4875 partem
1967 4811 2070 4866 edocit.
2106 4815 2202 4877 bunt

612 4918 665 4969 boo
683 4912 791 4979 quidem
810 4920 826 4962 e
845 4911 1020 4974 sqrresluns
1037 4913 1168 4978 exemplls
1187 4917 1264 4967 corto
1282 4912 1384 4965 elucet.
