4544 5918
1381 1452 1483 1556 VI.

1081 1735 1155 1818 DE
1194 1734 1443 1819 CALORIS
1481 1731 1779 1819 FONTIBUS.

1278 2001 1588 2011 ——.-.-——-

639 2209 695 2332 ln
717 2263 828 2349 priore
851 2258 962 2344 333113
986 2255 1248 2323 demonstratum
1273 2262 1341 2340 est,
1366 2255 1487 2323 caloris
1511 2255 1624 2323 radios
1647 2258 1680 2322 13
1698 2255 1816 2322 diffusa
1832 2277 1851 2321 a
1866 2255 2007 2322 diversis
2025 2255 2229 2342 corporibus

638 2389 731 2453 facta
753 2384 935 2451 reflexione
957 2403 1025 2448 non
1047 2383 1166 2447 mutari
1190 2379 1342 2466 quidem,
1366 2379 1428 2447 sed
1450 2386 1577 2447 tantum
1594 2378 1844 2467 absorptionem
1861 2381 2005 2467 experiri
2028 2380 2228 2448 eclecticam

494 2580 500 2593 ,
639 2531 747 2598 33333
771 2514 884 2575 333133
906 2507 1018 2573 331133
1040 2506 1214 2592 supprimi,
1239 2502 1324 2571 alios
1348 2526 1414 2571 non
1437 2510 1582 2571 mutatos
1605 2504 1733 2572 reflecti
1756 2505 1808 2591 (p.
1825 2504 2003 2584 85-9o.).

749 2631 860 2718 Ergo,
895 2633 925 2697 si
948 2653 978 2696 v.
1009 2651 1037 2696 c.
1067 2626 1271 2715 lampadis
1300 2627 1565 2714 Argandicae
1593 2627 1675 2694 radii
1705 2631 1892 2696 acarmino
1921 2629 2038 2718 rejecti
2069 2627 2172 2695 aliam
2195 2632 2224 2694 in

636 2759 780 2826 transitu
809 2777 871 2843 333
900 2753 1125 2821 diathermana
1155 2773 1297 2838 corpora
1325 2753 1486 2819 rationem
1513 2751 1713 2839 praebeant,
1739 2775 1837 2840 33313
1862 2756 1919 2840 331
1943 2776 1964 2819 3
1987 2753 2106 2820 charta
2130 2757 2228 2840 nigra

638 2883 754 2952 reflexi
783 2885 862 2948 sunt
889 2881 942 2967 (p.
968 2881 1020 2943 ⁷3.
1051 2884 1146 2964 313.
1173 2876 1258 2958 77.):
1288 2874 1353 2942 boc
1382 2898 1450 2943 non
1471 2877 1581 2963 potuit
1608 2878 1670 2943 nisi
1700 2878 1747 2943 ita
1770 2877 1859 2961 fieri,
1883 2884 1921 2944 ut
1936 2880 2007 2966 jam
2030 2881 2104 2968 ipso
2128 2877 2224 2944 calo-

637 3009 685 3074 ris
712 3008 790 3074 fons
818 3006 930 3071 radios
962 3002 1085 3069 divorsi
1114 3003 1247 3088 generis
1271 3002 1477 3083 contineret,
1502 3021 1642 3087 quorum
1671 3000 1724 3068 alii
1751 3024 1771 3067 3
1795 3004 1957 3086 carmino,
1987 3002 2040 3069 alii
2064 3026 2084 3069 3
2106 3002 2224 3069 cbarta

637 3133 732 3216 nigra
754 3130 1009 3196 remitterentur.
1037 3165 1072 3179 -
1099 3124 1218 3212 113333
1241 3146 1309 3213 333
1333 3126 1439 3210 magis
1463 3125 1575 3190 variae
1598 3131 1677 3191 sunt
1700 3125 1913 3194 diversitates
1941 3134 2022 3214 post
2052 3125 2174 3194 caloris
2203 3150 2225 3192 a

638 3255 782 3320 diversis
817 3248 1015 3336 corporibus
1049 3248 1281 3332 rctlexionern,
1316 3270 1358 3316 eo
1391 3249 1497 3335 magis
1532 3250 1615 3315 varii
1648 3255 1686 3316 31
1717 3252 1783 3336 1331
1816 3250 1898 3318 33111
1927 3274 1947 3318 3
1976 3250 2101 3320 3313313
2128 3254 2225 3319 13313

639 3378 753 3444 emissi
776 3396 854 3441 esse
879 3372 1012 3440 debent.
2059 3370 2064 3379 ’

749 3497 878 3583 Quodsi
900 3500 934 3563 13
957 3496 1110 3585 3131131
1133 3496 1352 3564 candentis
1376 3494 1504 3581 331333,
1536 3519 1556 3562 3
1585 3499 1686 3564 333113
1709 3498 1907 3587 quibusdam
1936 3501 2060 3568 diversi
2086 3505 2226 3588 generis

638 3623 839 3710 corporibus
862 3620 986 3689 rellexo
1011 3627 1047 3688 et
1068 3643 1129 3708 per
1146 3620 1372 3689 diatbermana
1389 3642 1532 3709 corpora
1545 3628 1750 3706 transeunte,
1774 3625 1899 3692 minora
1917 3632 1996 3692 3331
2019 3625 2224 3711 discrimina,

638 3771 738 3838 quam
762 3768 848 3835 3333
871 3746 992 3813 iisdem
1014 3744 1261 3813 conditionibus
1283 3747 1316 3810 13
1340 3743 1493 3833 lampade
1515 3745 1705 3832 Argandica
1725 3745 1945 3817 observantur
1971 3753 2019 3839 (p.
2037 3750 2121 3831 m:
2149 3750 2225 3818 col-

636 3872 805 3960 ligendum
836 3877 907 3955 est,
946 3893 966 3936 3
993 3869 1118 3957 3131133
1149 3868 1314 3937 33313313
1341 3872 1449 3936 minus
1478 3872 1591 3938 varios
1620 3870 1739 3939 caloris
1769 3872 1882 3941 radios
1913 3876 2036 3960 emitti,
2075 3897 2178 3964 quam
2205 3901 2228 3943 a

635 3998 800 4086 lampade.

744 4120 877 4190 Deinde
902 4139 977 4185 cum
999 4118 1140 4203 caloris,
1164 4139 1184 4184 a
1209 4117 1349 4185 diversis
1367 4117 1565 4205 corporibus
1586 4120 1700 4188 rellexi
1722 4127 1757 4188 31
1778 4145 1839 4209 333
1860 4124 1977 4192 eadem
1991 4125 2225 4196 diatbermana

636 4269 779 4335 corpora
814 4245 1018 4327 transmissi,
1049 4245 1177 4310 minora
1204 4244 1274 4309 3131
1301 4242 1490 4311 discrimina
1523 4247 1556 4310 13
1589 4243 1798 4314 3133133113
1835 4246 2016 4334 flamma,
2055 4272 2161 4338 quam
2191 4257 2224 4321 iu

635 4370 760 4457 3131133
785 4368 951 4437 33313313
974 4372 1021 4456 (3.
1039 4367 1123 4447 75.):
1147 4370 1315 4454 sequitur,
1339 4365 1440 4433 3131
1465 4366 1627 4437 alcobolis
1648 4370 1776 4438 damma
1799 4373 1905 4440 minor
1929 4373 2143 4446 diversorum
2168 4400 2221 4446 33-

542 4578 547 4592 ·
634 4491 717 4561 loris
741 4494 906 4561 radiorum
930 4493 1029 4581 copia
1052 4497 1167 4575 exeat,
1193 4513 1292 4580 quam
1315 4515 1334 4559 a
1356 4490 1483 4579 platino
1508 4494 1682 4562 33313313.

744 4620 921 4686 Postremo
952 4640 1027 4685 cum
1056 4615 1241 4704 cylindri
1269 4616 1416 4685 calorem
1445 4617 1491 4684 ad
1523 4617 1639 4685 ao‘R.
1671 4619 1872 4687 calefacti
1898 4643 1941 4688 33
1963 4625 2118 4693 minimas
2145 4630 2220 4714 qui·

633 4741 711 4808 dem
739 4740 911 4809 videamus
942 4742 1156 4811 diversitates
1183 4742 1347 4831 praebere
1369 4744 1418 4830 (3.
1444 4741 1531 4825 ro),
1560 4765 1802 4833 aquoeunque
1826 4767 1939 4814 eorum
1959 4769 2141 4837 corporum
2165 4774 2217 4820 re.

631 4868 804 4948 deotatus,
828 4886 915 4952 3333
938 4869 972 4934 13
995 4866 1159 4956 exemplis
1182 4867 1245 4937 illis
1267 4868 1427 4935 maximas
1450 4869 1653 4938 mutationes
1676 4869 1872 4938 effecerant:
1904 4870 2074 4959 cylindrus
2098 4875 2218 4945 metal-

631 4987 719 5060 licus
742 4993 775 5060 in
799 4989 852 5059 illa
876 4998 1100 5080 temperatura
1122 4992 1291 5083 putandus
1316 5002 1492 5062 estonum
1516 4993 1615 5063 modo
1639 4993 1805 5064 radiorum
1829 5016 1936 5082 genus
1958 5001 2124 5069 emittere.
