4544 5918
1334 347 1500 449 43941

749 582 930 648 Praeterea
953 597 1030 646 cnm
1054 585 1193 664 cuprum
1219 575 1556 664 pirumplatum,
1584 576 1614 642 si
1642 595 1717 643 cnm
1747 589 1851 662 cupro
1879 592 1999 661 presso
2028 590 2218 659 compares,

640 708 748 775 minus
772 704 909 771 densum
931 704 988 788 sit,
1010 701 1088 770 inde
1111 702 1211 769 etiarn
1233 701 1470 769 incrementum
1493 698 1573 768 illud
1594 699 1762 787 proticisci
1782 699 1903 786 potuit,
1926 695 2018 785 quud
2030 695 2219 766 tabularum

641 826 880 898 metallicamm
904 826 1044 894 radiatio
1066 826 1124 895 illo
1146 828 1293 913 tegmine
1314 827 1524 893 nanciscitur.
1570 823 1669 909 Quod
1698 823 1829 912 quidem
1851 824 2091 890 incrementum
2114 844 2217 911 quun·

642 931 712 1022 tum
734 954 797 1037 sit,
827 973 847 1018 e
871 954 1056 1038 conspectu
1078 953 1252 1039 superiore
1271 947 1412 1036 intelligi
1432 954 1566 1036 potest,
1588 950 1735 1036 inprimis
1756 947 1812 1015 illo
1835 945 2008 1036 exemplo,
2033 968 2105 1036 quo
2128 945 2218 1014 calor

642 1099 662 1145 u
684 1097 787 1164 cupro
809 1074 979 1161 laevigato
1001 1096 1120 1162 presso
1143 1076 1287 1142 emissus
1308 1071 1560 1141 declinationem
1583 1070 1662 1158 29⁹,
1694 1093 1714 1139 a
1739 1091 1843 1160 cupro
1867 1079 1977 1140 nutem
2001 1069 2217 1158 galvausph·

642 1202 730 1268 stico
761 1195 877 1282 ⁴9⁰,25
907 1197 1036 1282 effecit,
1071 1198 1186 1266 endem
1215 1197 1348 1286 quidem
1376 1203 1599 1286 temperatura
1625 1197 1813 1286 eodemque
1840 1218 1860 1264 a
1886 1195 2141 1284 tbermoscopio
2170 1197 2216 1264 iu·

643 1322 796 1394 tervnllo.

753 1443 966 1513 Metellorum
989 1450 1098 1513 autern
1123 1443 1301 1532 oxydatio‚
1325 1464 1391 1534 qua
1415 1450 1549 1512 constat
1570 1445 1785 1512 indictionem
1808 1442 1905 1512 simili
1926 1444 2027 1512 modu
2051 1446 2166 1531 augeri
2184 1440 2216 1527 ¹),

643 1570 754 1638 nullas
780 1569 846 1636 boc
875 1569 952 1636 loco
982 1575 1096 1656 partes
1124 1568 1263 1657 agebat,
1294 1571 1371 1658 quia
1392 1568 1499 1637 cubus
1522 1590 1664 1657 cupreus
1686 1570 1797 1637 dudm
1819 1574 1998 1657 postquam
2021 1589 2126 1656 cupre
2149 1568 2217 1655 gal·

644 1693 876 1781 vnuoplasticu
900 1692 1068 1762 obductus
1091 1699 1163 1778 est,
1190 1695 1439 1781 investigationi
1461 1692 1717 1782 subjiciebatur,
1741 1692 1817 1763 duur
1839 1699 1975 1780 tegmen
1996 1691 2083 1760 illud
2105 1713 2218 1780 super·

647 1818 755 1895 ficiem
777 1817 962 1905 praebebat
983 1840 1073 1885 mere
1095 1816 1304 1885 metallicum.

662 1990 665 1997 ·
755 1942 994 2011 Demonstrato
1019 1950 1129 2008 autem
1152 1942 1285 2026 effectu,
1311 1962 1409 2030 quern
1432 1942 1484 2009 bis
1506 1941 1637 2030 quidem
1661 1941 1906 2009 conditionibus
1931 1943 2082 2009 densitas
2106 1946 2142 2008 et
2163 1940 2219 2007 du·

644 2070 738 2137 rities
759 2071 794 2136 iu
817 2067 938 2136 caloris
962 2066 1179 2133 radiatiouem
1202 2072 1378 2151 exerceat,
1405 2069 1521 2154 utique
1543 2088 1611 2133 uon
1633 2064 1827 2134 affirmatum
1851 2073 1919 2149 est,
1948 2065 2016 2135 illis
2039 2064 2126 2133 solis
2150 2084 2221 2132 eum

647 2192 744 2261 effici.
788 2193 827 2259 lu
851 2193 993 2258 diversis
1014 2192 1115 2276 igitur
1138 2189 1352 2277 corporibus,
1374 2193 1408 2258 iu
1431 2191 1552 2278 quibus
1574 2190 1658 2257 alins
1681 2211 1817 2277 quoqne
1840 2196 1875 2259 et
1898 2191 2053 2259 diversne
2074 2191 2222 2257 rationes

646 2321 860 2397 concurrunt,
892 2312 1010 2381 caloris
1040 2316 1210 2383 emittendi
1231 2313 1374 2382 facultas
1395 2337 1463 2382 nou
1490 2348 1533 2362 —
1561 2320 1599 2381 ut
1624 2311 1837 2395 Leslius¹)
1868 2314 2001 2402 quidem
2025 2317 2139 2384 iacere
2161 2336 2219 2382 co-

645 2445 745 2506 natus
768 2445 823 2506 est
844 2471 888 2485 —
911 2439 952 2504 ad
975 2437 1080 2505 solam
1103 2439 1255 2505 duritiem
1276 2439 1382 2525 redigi
1404 2437 1515 2506 debet.

1414 2745 1449 2818 2.

759 2935 857 3018 Quod
880 2938 999 3003 attinet
1021 2935 1064 3002 ad
1086 2934 1302 3001 radiatiouem
1325 2956 1389 3000 uua
1414 2954 1487 2999 curn
1516 2931 1797 3000 crassitudine
1825 2941 1956 3000 auctam
1984 2955 2165 3022 corporum
2188 2937 2222 3001 iu

650 3058 737 3127 cubo
767 3058 930 3126 calefacto
959 3054 1196 3127 obductorum:
1227 3059 1312 3125 duos
1340 3063 1467 3124 tanturn
1495 3058 1793 3144 experimentorum
1822 3057 1955 3124 ordines
1984 3079 2024 3126 ea
2053 3059 2100 3126 dn
2124 3080 2224 3126 musa

647 3205 816 3268 propono,
847 3186 924 3271 quia
950 3185 985 3247 iu
1014 3182 1177 3271 ejusmodi
1208 3180 1403 3268 corporibus
1430 3183 1583 3248 iustitutn
1611 3187 1705 3266 suut,
1740 3202 1879 3268 quorum
1903 3202 1977 3249 curn
2002 3184 2224 3251 nassitudiuc

650 3303 823 3372 calefactio
846 3312 999 3372 creverat
1021 3308 1069 3392 (p.
1086 3305 1157 3388 97),
1179 3306 1214 3370 in
1235 3308 1368 3373 neruine
1391 3304 1468 3372 alba
1490 3303 1655 3393 pellucida
1678 3311 1714 3373 et
1733 3303 1828 3373 laccn
1850 3307 1944 3391 nigra
1967 3305 2166 3394 aspbalticn.
2181 3340 2223 3354 -

650 3425 796 3512 Quorum
819 3434 925 3496 strata
947 3431 1063 3515 impari
1085 3425 1140 3496 vel
1162 3450 1300 3498 numeru
1322 3427 1377 3496 vel
1402 3429 1619 3500 crussitudine
1638 3431 1672 3498 in
1694 3428 1815 3498 cubum
1830 3406 2221 3516 impositaLesbensem‚

651 3556 709 3642 qui
731 3557 818 3620 iutra
840 3555 1100 3642 experimentum
1121 3554 1402 3643 intemperatum
1424 3551 1769 3641 80⁰1tsembrtur,
1798 3553 1954 3623 radiando
1983 3557 2019 3623 in
2040 3554 2138 3646 pilam
2159 3554 2220 3623 bu

652 3673 891 3745 declinationes
914 3678 1112 3748 effecerunt:

653 3872 1067 3886 m

759 4003 781 4060 ¹)
804 3998 974 4051 Bumturd.
1004 3993 1150 4052 ttdmolrcs
1168 4010 1219 4050 sur
1235 3999 1265 4050 lu
1282 3999 1401 4052 endem.
1418 4023 1454 4037 ·-
1471 4000 1600 4052 Abbundl.
1618 3999 1661 4052 bb.
1680 4002 1704 4051 d.
1723 3979 1844 4054 Wtrmc.
1862 4013 1888 4063 p.
1900 3993 1961 4051 316.
1976 4022 2011 4036 -
2029 3998 2103 4052 stru.
2121 3997 2213 4049 tund.

649 4103 797 4175 1191131.
815 4105 993 4156 -Leslle
1023 4109 1066 4156 An
1084 4104 1212 4170 exporlm.
1230 4104 1285 4170 luc.
1303 4105 1363 4158 tntu
1381 4105 1426 4157 tio
1447 4110 1504 4158 nat.
1527 4107 1580 4158 and
1601 4118 1711 4172 propag.
1736 4106 1767 4158 ot
1786 4107 1856 4158 ient.
1874 4120 1900 4170 p.
1912 4100 1954 4158 19.
1978 4127 2012 4141 -
2041 4108 2215 4171 neruum

650 4216 746 4267 suunt.
763 4214 798 4266 dc
814 4211 896 4267 oum
914 4216 942 4263 ct
960 4210 993 4262 ie
1010 4209 1091 4274 unyu.
1116 4206 1372 4274 91,191.199.-
1394 4212 1546 4267 uellent.
1575 4213 1678 4279 conpr.
1696 4213 1773 4266 tend.
1789 4212 1853 4281 vn,
1869 4208 1931 4268 999.
1950 4224 2009 4279 sqq.
2027 4237 2062 4253 -
2085 4208 2215 4280 fouent

650 4320 747 4371 ΔΜ.
763 4322 847 4383 XLV,
864 4316 907 4373 to.

759 4419 1302 4496 'inmusulrycctpttl
