4634 5924
875 355 924 428 27

718 669 870 721 Deciioatio
891 674 955 733 port
972 667 1160 730 interpositam
1178 664 1303 718 laminam
1320 666 1484 719 metallicam

557 854 558 866 ι
660 855 664 865 ·
796 828 905 873 Martem
923 827 1008 872 varnier
1145 826 1254 871 obductam
1269 827 1327 871 tanea
1342 829 1401 886 nigra
1469 827 1640 872 obtutum

163 2032 301 2156 Cyiapplpld
303 2033 438 2157 drpeialliru
409 2054 453 2088 rus

214 2445 309 2530 Quae
336 2446 384 2513 ita
414 2452 578 2533 apparent
608 2444 821 2512 diversitates
852 2466 897 2512 ex
925 2466 968 2512 eo
998 2451 1128 2512 tantum
1154 2443 1265 2511 calore
1295 2449 1394 2510 natae
1423 2465 1502 2512 esse
1531 2452 1687 2531 possunt,

104 2592 204 2659 quem
228 2591 369 2657 corpora
393 2571 652 2657 superimposita
673 2567 857 2636 absorbent
879 2575 916 2635 et
938 2568 1059 2635 deinde
1082 2590 1155 2637 cnm
1180 2567 1310 2635 laminis
1326 2571 1583 2635 communicant.
1610 2569 1688 2636 Jam

103 2698 337 2782 igiturpatet:
372 2716 547 2781 corpora
569 2692 642 2759 illa
671 2691 857 2761 adhibita
878 2724 924 2742 -
945 2695 1056 2760 intra
1077 2695 1187 2760 sines
1211 2692 1370 2780 quidem
1394 2692 1535 2759 horum
1559 2715 1685 2780 expe-

375 2821 638 2885 rimentorum
661 2853 704 2864 -
728 2839 776 2884 eo
800 2819 928 2903 magis
952 2817 1163 2898 calefieri,
1190 2837 1268 2903 quo
1292 2817 1505 2882 crassiora
1527 2820 1620 2883 sint.

216 2944 312 3011 Haec
334 2964 416 3011 vero
441 2942 566 3010 directa
589 2944 644 3008 via
666 2943 836 3009 adversari
857 2940 1011 3009 videntur
1033 2944 1095 3023 eis,
1119 2962 1205 3029 quae
1227 2943 1260 3005 in
1283 2939 1357 3007 aliis
1373 2938 1573 3027 corporibus
1588 2940 1685 3007 Les·

103 3070 186 3136 lius
209 3075 245 3136 et
264 3065 495 3135 Malloniae
518 3065 749 3134 observarunt
786 3066 971 3154 Utrumque
993 3072 1105 3133 tamen
1127 3071 1220 3133 recte
1243 3086 1322 3131 sese
1344 3062 1455 3131 habet
1493 3062 1688 3132 Iiivervitas

104 3195 192 3262 enim
215 3191 270 3259 iiia
292 3192 371 3259 inde
394 3197 469 3258 orta
491 3197 558 3275 est,
582 3190 674 3278 quod
697 3193 924 3278 experimenta
946 3212 1022 3258 mea
1041 3190 1187 3258 nondum
1211 3192 1379 3275 attingunt
1400 3209 1477 3256 eum
1502 3191 1688 3271 terminum,

104 3318 193 3385 ultra
220 3337 320 3405 quem
349 3315 480 3383 demum
508 3314 564 3382 illa
591 3318 796 3402 inceperunt
848 3315 1012 3383 Universa
1045 3325 1156 3383 autern
1184 3336 1240 3382 res
1268 3312 1335 3381 hoc
1362 3311 1462 3381 modo
1491 3312 1689 3401 explicanda

105 3451 177 3510 est:
208 3443 237 3509 si
260 3462 382 3527 corpus
405 3439 574 3528 quoddam
596 3438 716 3507 caloris
737 3441 842 3507 fontis
864 3443 1042 3527 exponitur
1062 3438 1181 3523 radiis,
1209 3437 1269 3520 ilii,
1297 3439 1355 3525 qni
1377 3461 1398 3504 a
1419 3438 1598 3525 superficie
1619 3460 1687 3506 non

103 3567 342 3649 reflectuntur,
369 3566 405 3631 in
426 3563 504 3632 illud
527 3569 744 3652 penetrantes
766 3571 873 3632 strata
897 3563 1059 3652 deinceps
1082 3563 1297 3645 calefaciunt,
1326 3565 1392 3629 nisi
1418 3564 1507 3630 torte
1535 3585 1603 3630 non
1629 3567 1687 3629 im-

103 3692 210 3779 pediti
237 3696 421 3758 transeant
469 3690 616 3774 Quorum
645 3688 766 3756 deinde
794 3693 975 3757 stratorum
1004 3688 1264 3776 unumquodque
1292 3685 1438 3755 calorem
1468 3694 1504 3755 et
1532 3688 1686 3756 ducendo

105 3823 141 3883 et
163 3815 321 3883 radiando
345 3837 420 3883 eum
442 3816 561 3881 vicinis
584 3816 813 3882 communicat
860 3812 991 3882 Caloris
1013 3816 1113 3900 igitur
1135 3815 1268 3900 corpori
1290 3810 1422 3880 cuidam
1445 3811 1538 3881 allati
1560 3832 1688 3883 summe

104 3942 231 4008 erescit
252 3939 369 4007 eadem
392 3941 534 4023 ratione,
558 3962 626 4027 qua
646 3945 838 4021 stratorum,
863 3960 949 4026 quae
972 3937 1117 4005 calorem
1138 3938 1318 4024 accipiunt,
1340 3960 1497 4006 numerus
1519 3938 1621 4026 idque
1643 3961 1685 4008 eo

104 4085 231 4152 usque,
261 4064 338 4130 dum
367 4069 434 4130 tam
458 4085 574 4132 crassa
594 4062 651 4130 iila
673 4064 881 4146 exstiterint,
911 4069 948 4130 ut
971 4060 1060 4130 color
1082 4083 1194 4150 neque
1215 4061 1375 4130 radiando
1399 4084 1508 4150 neque
1531 4063 1685 4132 ducendo

104 4191 217 4275 possit
238 4187 325 4255 ultra
346 4188 440 4254 mitti.

217 4312 254 4378 Ιιι
270 4335 311 4380 ea
327 4318 449 4393 autem,
473 4333 572 4399 quam
596 4310 744 4396 exhibui,
768 4315 1068 4400 experimentorum
1091 4314 1178 4380 serie
1201 4333 1366 4401 nunquam
1390 4317 1482 4378 tanta
1505 4319 1578 4379 erat
1594 4335 1685 4383 cras·

106 4434 236 4520 situdo,
265 4443 303 4503 ut
332 4442 438 4505 strata
466 4435 596 4521 singula
618 4436 763 4504 calefieri
787 4444 889 4525 atque
912 4440 978 4504 vim
1001 4460 1096 4505 suam
1119 4458 1279 4505 exercere
1301 4458 1366 4503 non
1388 4438 1558 4525 potuerint
1580 4440 1612 4505 in
1636 4438 1684 4508 la-

103 4562 245 4643 minam,
276 4583 362 4649 quae
391 4561 506 4629 charta
530 4560 674 4629 obducta
697 4565 730 4628 in
754 4561 853 4650 pilam
878 4561 1036 4630 radiabat.
1084 4561 1210 4630 Contra
1232 4564 1263 4627 in
1287 4559 1421 4628 bestii
1445 4568 1479 4629 et
1500 4562 1685 4633 Melionii

105 4683 397 4754 observationibus
431 4709 572 4775 corpora
605 4688 801 4775 interposita
833 4687 961 4768 (solnm
994 4689 1196 4756 tenuissimis
1224 4683 1313 4752 foliis
1343 4684 1589 4766 diathermana)
1616 4696 1684 4756 tam

106 4830 221 4878 crassa
250 4817 362 4896 erant,
395 4818 431 4879 ut
460 4815 581 4900 exigna
610 4819 737 4880 tantum
760 4834 840 4901 pars
863 4812 983 4881 caloris
1007 4814 1206 4881 anteriorum
1229 4809 1368 4879 laterum
1391 4810 1434 4878 ad
1456 4811 1544 4880 tatus
1567 4834 1685 4900 perve-

1262 4947 1302 5005 ⁴0
