4634 5924
837 460 854 464 ..
879 358 1008 467 ,lh-

113 579 214 664 bolis,
237 582 363 669 quippe
385 600 474 668 quae
495 579 637 650 eandem
659 582 783 669 spiram
806 581 982 649 candendo
1004 581 1243 649 decernentem
1266 580 1389 664 reddit,
1411 580 1622 669 eandemque
1642 582 1704 648 mi·

113 727 228 773 norem
252 726 351 792 quam
374 706 408 771 in
431 703 586 792 lampade
608 705 815 792 Argaudicr,
845 709 943 793 cujus
963 709 1043 792 igue
1064 704 1168 773 carbo
1191 703 1344 773 albescit.
1374 738 1417 753 -
1445 707 1569 793 Neque
1595 705 1706 774 minus

115 827 355 896 existimabunt
382 850 517 913 omnes,
552 829 704 898 tlrmmae
731 828 928 917 hydrogenii
947 827 970 911 ¹)
997 832 1084 898 inter
1111 851 1190 913 eos,
1226 851 1312 917 quos
1341 829 1547 915 significavi,
1582 828 1706 899 caloris

114 955 228 1021 tontes
251 975 411 1021 summam
437 975 514 1021 esse
536 959 806 1042 temperaturam.

227 1078 304 1144 Jam
328 1079 429 1164 igitur
452 1086 525 1144 orta
549 1084 605 1145 est
628 1082 794 1165 quaestio,
817 1101 895 1145 num
911 1116 955 1125 —
970 1079 1155 1145 secuudum
1177 1077 1288 1164 legem
1310 1076 1401 1145 illam
1418 1100 1437 1145 a
1453 1077 1704 1147 Delaroclrio

112 1204 320 1291 propositam
344 1240 385 1253 -
411 1201 562 1269 dammae
588 1200 753 1270 alcobolis
781 1211 817 1269 et
843 1201 1008 1289 lampadis
1031 1203 1244 1289 Argandicae
1273 1200 1383 1284 calor,
1414 1204 1542 1270 ratione
1569 1201 1706 1290 quidem

115 1326 309 1408 observata,
332 1326 453 1394 melius
477 1325 590 1394 calore
612 1325 727 1413 platini
751 1327 938 1410 candentis,
963 1326 1055 1394 calor
1077 1334 1189 1395 autem
1210 1328 1362 1395 tlammae
1377 1325 1572 1413 hydrogeuii
1586 1325 1706 1395 melius

115 1473 215 1540 quam
238 1453 337 1517 trium
361 1457 548 1518 ceterorum
571 1452 710 1518 fontium
732 1474 794 1537 per
817 1449 1043 1519 diathrrmana
1066 1474 1209 1540 corpora
1231 1453 1522 1519 transmitteretur.

226 1576 344 1663 Atque
367 1573 451 1643 baec
474 1575 610 1663 quidem
634 1579 789 1664 quaestio
812 1579 1042 1663 experimento
1067 1575 1132 1643 hoc
1154 1577 1254 1644 modo
1280 1576 1460 1665 dijudicata
1484 1582 1555 1643 est:
1578 1572 1618 1644 Si
1634 1572 1707 1661 pla·

112 1703 218 1769 tinum
248 1699 394 1767 candens
426 1700 538 1767 radios
566 1702 599 1766 iu
632 1697 733 1786 pilam
761 1699 1114 1769 tlrermo-electricam
1142 1703 1326 1768 immiserat
1359 1702 1414 1767 via
1444 1701 1587 1783 directa,
1622 1718 1707 1765 acus

113 1823 381 1912 multiplicatoris
404 1846 480 1892 cum
501 1823 557 1890 illa
580 1826 752 1912 conjuncti
775 1846 883 1911 usque
906 1824 949 1891 ad
972 1822 1032 1890 tt·
1056 1815 1264 1909 declinabat,
1293 1827 1494 1913 interposita
1515 1830 1628 1890 autem
1651 1828 1704 1889 ta·

113 1949 194 2017 bula
217 1951 324 2017 vitrea
347 1946 441 2032 alba,
473 1951 563 2032 1·‚3
588 1969 722 2033 crassa,
749 1950 836 2016 iuter
860 1948 983 2017 caloris
1005 1951 1133 2019 iontem
1156 1949 1246 2017 illum
1271 1957 1307 2017 et
1328 1949 1443 2038 pilam,
1471 1969 1554 2015 acus
1577 1947 1621 2014 ad
1647 1942 1705 2011 lt·

114 2072 253 2142 redacta
282 2079 344 2141 est
395 2072 491 2156 Quae
525 2075 695 2160 posterior
724 2073 901 2141 declinatio
933 2081 1008 2141 orta
1035 2081 1090 2143 est
1117 2096 1136 2142 e
1166 2074 1286 2144 caloris
1314 2096 1376 2162 prr
1403 2076 1524 2140 vitrum
1554 2074 1706 2139 transitu.

112 2197 291 2267 Alcoholis
320 2219 401 2265 vero
429 2199 577 2284 tlamma,
609 2220 701 2282 cum,
735 2198 862 2264 directa
892 2200 926 2264 in
948 2198 1232 2287 thermoscopium
1254 2199 1456 2282 radiatioue,
1481 2197 1621 2264 eandem
1644 2191 1706 2260 2⁰⁰

114 2322 374 2392 declinationem
391 2322 578 2391 effecisset:
602 2324 719 2392 eadem
735 2323 850 2391 tabula
866 2324 985 2392 eodem
1007 2323 1085 2392 loco
1107 2327 1317 2412 interposita,
1339 2321 1570 2391 tautummodo
1587 2319 1630 2386 ad
1647 2316 1706 2384 11·

113 2470 212 2516 acum
243 2447 389 2515 dcllcxit.
434 2446 604 2516 Alcolrolis
632 2451 733 2535 igitur
759 2449 909 2516 dammae
934 2449 1026 2516 calor
1048 2453 1207 2517 minorem
1231 2449 1396 2515 radiorum
1420 2449 1550 2535 copiam
1574 2466 1634 2532 per
1656 2445 1706 2510 vi·

112 2578 201 2641 trum
224 2571 486 2658 transmittebat,
510 2596 614 2661 quam·
631 2572 746 2660 platiui
770 2575 954 2642 candentis.
975 2608 1019 2621 -
1036 2573 1163 2642 Contra
1184 2572 1347 2660 lampadis
1363 2570 1578 2659 Argandicae
1601 2566 1706 2651 calor,

115 2684 212 2787 cujub
236 2703 271 2763 et
293 2698 399 2784 ipsius
422 2697 504 2764 radii
528 2698 646 2766 directi
676 2720 770 2765 acum
800 2698 843 2764 ad
872 2696 932 2763 2⁰·
962 2698 1187 2782 deflexerant,
1214 2719 1276 2784 per
1301 2700 1422 2765 vitrum
1450 2697 1617 2762 transiens
1649 2688 1709 2754 15·

115 2821 374 2889 declinationem
409 2821 529 2890 effecit.
565 2858 610 2869 —
643 2824 820 2891 Postremo
849 2844 910 2911 per
937 2822 1133 2911 luydrogenii
1161 2822 1340 2905 dammam,
1371 2821 1574 2908 interposito
1607 2818 1706 2898 vitro,

113 2968 198 3014 acus
222 2946 264 3013 ad
289 2942 347 3011 12⁰
371 2947 508 3013 redacta
532 2953 597 3032 est,
621 2969 695 3014 cnm
719 2953 819 3014 autea
841 2947 885 3013 ad
908 2944 968 3013 2⁰⁰
993 2947 1184 3016 declinaret.

228 3070 284 3138 Ex
314 3094 383 3161 quo
413 3073 581 3161 sequitur,
612 3078 651 3137 ut
679 3070 877 3159 luydroqeuii
905 3072 1054 3139 dammae
1079 3071 1170 3139 calor
1198 3078 1233 3139 et
1260 3071 1377 3159 platiui
1407 3068 1600 3150 candentis,
1629 3063 1710 3133 licet

113 3200 264 3287 ipsorum
286 3202 573 3285 temperatura
595 3198 641 3263 sit
664 3194 965 3279 diversissima,
995 3200 1083 3283 pari
1112 3196 1229 3265 modo
1253 3217 1314 3283 per
1337 3197 1477 3278 vitrum,
1503 3193 1593 3279 ¹⁸23
1618 3212 1709 3259 cras·

113 3343 189 3391 sum
217 3327 385 3406 transeat3
419 3319 582 3388 alcolrolis
611 3326 722 3387 autem
749 3322 900 3388 flammae
927 3321 1051 3405 calori,
1081 3324 1235 3409 quamvis
1263 3319 1367 3388 multo
1398 3322 1553 3408 majore
1580 3324 1708 3404 tempe·

114 3451 250 3512 raturae
266 3445 382 3531 gradu,
404 3442 548 3512 facultas
563 3446 683 3511 vitrum
700 3445 893 3513 transeundi
907 3447 1035 3512 minor
1049 3447 1106 3528 sit,
1130 3468 1230 3532 quam
1252 3443 1355 3513 calori
1377 3443 1493 3531 platiui
1516 3442 1709 3525 condentis3

114 3569 330 3656 Argandicae
352 3590 434 3637 vero
457 3567 624 3655 lampadis
647 3566 763 3650 calori,
787 3572 941 3655 quamvis
962 3571 1070 3656 ipsius
1092 3576 1319 3656 temperatura
1343 3569 1432 3636 baud
1457 3568 1556 3636 dubie
1579 3570 1711 3633 minor

116 3697 173 3777 sit,
197 3693 315 3761 eadem
337 3692 481 3760 facultas
504 3692 608 3759 multo
631 3696 777 3781 major,
801 3715 900 3780 qnam
924 3693 1075 3762 dammae
1099 3693 1298 3781 hydrogenii
1321 3694 1433 3761 radiis.

229 3816 391 3885 Adhibita
414 3825 542 3902 autem,
571 3820 647 3885 vitri
670 3817 766 3900 loco,
798 3817 950 3889 aluminis
972 3818 1104 3901 tabula,
1137 3822 1226 3904 1¹·,r
1251 3842 1384 3905 crassa,
1414 3840 1497 3887 acus
1519 3820 1710 3905 magnetiet

117 3941 298 4013 declinavit
319 3942 436 4031 platiui
460 3943 636 4011 candentis
660 3943 773 4011 calore
796 3942 839 4009 ad
862 3939 972 4027 8⁶,253
1001 3943 1166 4012 alcoholis
1186 3942 1339 4013 dammae
1362 3945 1405 4012 ad
1430 3948 1449 4009 7
1455 3941 1517 4031 ⁰,53
1546 3940 1709 4028 Argaudi·

117 4090 180 4137 cae
203 4067 369 4157 lampadis
391 4067 435 4134 ad
460 4065 570 4152 1⁰·‚53
593 4067 790 4155 hydrogenii
813 4067 961 4136 dammae
984 4067 1028 4133 ad
1052 4065 1157 4153 7275.

228 4193 438 4280 llydrogenii
460 4194 559 4278 igitur
582 4198 618 4261 et
640 4190 802 4261 alcobolis
824 4193 974 4260 damae
998 4191 1099 4272 calor,
1123 4196 1276 4281 quamvis
1301 4196 1589 4264 diversissima
1611 4201 1709 4262 tem-

116 4324 336 4406 peratura,
358 4317 459 4404 plane
483 4317 623 4386 eadem
647 4320 808 4385 ratione
830 4341 892 4406 per
914 4316 1046 4387 alumen
1069 4326 1228 4406 permeat
1261 4320 1473 4406 Argoudicae
1494 4326 1606 4387 antem
1627 4319 1710 4389 lam·

117 4441 217 4533 padis
247 4444 415 4529 etiamque
443 4438 559 4531 platiui
588 4443 762 4510 candentis
791 4442 899 4526 calor,
929 4440 1011 4511 licet
1038 4446 1185 4532 ipsorum
1209 4448 1434 4532 temperatura
1457 4442 1558 4512 multo
1581 4448 1710 4513 minor

119 4569 179 4648 sit,
208 4571 321 4631 tamen
348 4569 540 4655 majorem
568 4567 732 4635 radiorum
755 4589 925 4636 numerum
948 4590 1010 4657 per
1031 4568 1180 4639 tabulam
1203 4570 1291 4638 illam
1317 4566 1575 4638 diatlrrrmrnam
1598 4577 1708 4641 traus-

119 4693 232 4773 mittit,
257 4710 357 4777 qnam
380 4688 577 4780 hydrogeuii
600 4692 750 4762 dammae
775 4692 873 4761 calor.

118 4859 209 4871 ι*-
220 4862 258 4871 —n
264 4860 332 4869 ο---ι-
338 4860 545 4873 -.μ-...-

233 4965 255 5019 ·)
273 4959 543 5011 Mitrehertiet’s
561 4963 704 5014 tetrbuct
721 4963 771 5015 der
788 4962 896 5016 cre-re
915 4959 955 5027 (d.
967 4964 1105 5029 Auden).
1136 4963 1163 5023 Ι.
1179 4958 1242 5018 280.
1259 4960 1321 5018 Μ.

1282 5086 1322 5142 q·
