4634 5924
852 375 898 448 dl

194 598 421 667 llellonius
444 605 556 666 autem
578 599 657 666 inde
687 597 838 686 collegit,
867 597 1014 667 calorem
1043 617 1177 685 semper
1204 602 1329 688 majore
1360 603 1457 689 copia
1486 604 1608 685 emitti,
1637 605 1668 670 si

84 723 235 792 rimando
259 722 427 790 molliores
453 722 614 789 radiantis
643 725 796 810 corporis
823 728 939 810 partes
967 721 1113 790 nudatae
1142 724 1227 807 sint,
1259 726 1400 807 minore,
1433 726 1463 793 si
1495 726 1668 795 densiores

83 849 213 934 iactae3
242 847 362 914 nnllam
385 854 494 914 autem
518 845 582 915 hac
605 868 640 913 re
662 850 880 914 mutationem
908 846 993 930 fieri,
1024 849 1055 915 si
1084 846 1223 915 durities
1250 855 1286 915 et
1314 849 1451 917 elastica
1478 850 1669 938 superficiei

84 975 136 1040 vis
158 972 307 1040 rimando
330 974 462 1039 omnino
484 992 553 1037 non
575 969 697 1037 affecta
720 972 774 1037 sit.

197 1095 301 1179 Quam
329 1095 440 1182 legem
468 1100 583 1162 notatu
612 1093 836 1181 dignissimam
864 1117 976 1183 neque
1003 1116 1085 1162 vero
1116 1092 1291 1184 bucusque
1319 1095 1461 1183 amplius
1486 1100 1667 1185 investiga-

84 1226 164 1303 tam,
188 1225 227 1286 ut
247 1241 361 1288 reram
384 1240 463 1286 esse
486 1217 561 1284 mibi
583 1219 831 1306 persuaderem,
854 1219 941 1287 baec
964 1221 1191 1306 experimenta
1213 1221 1353 1288 institui.

194 1347 248 1412 Ae
283 1346 424 1430 primum
458 1342 591 1430 quidem
633 1341 752 1410 utebar
792 1342 879 1410 cubo
913 1342 1083 1410 Lesliensi
1124 1341 1261 1426 (lateris
1294 1345 1382 1430 8·),
1425 1351 1619 1414 constructo
1648 1370 1667 1415 e

85 1467 248 1537 duabus
275 1466 432 1536 tabulis
459 1466 665 1554 plumbeis
686 1472 849 1555 pressis
872 1466 1115 1555 duabusque
1136 1470 1243 1536 lusis
1267 1474 1301 1536 et
1324 1472 1382 1557 qui
1405 1491 1492 1557 aqua
1514 1470 1667 1539 fervente

85 1614 220 1682 semper
248 1589 361 1660 8⁰⁰R.
391 1596 645 1678 temperaturam
674 1582 834 1660 seruaret.
886 1590 991 1680 Cujus
1020 1593 1120 1659 radiis
1151 1592 1251 1681 pilam
1286 1592 1514 1681 exponebam,
1549 1595 1669 1664 eodem

86 1740 222 1806 semper
244 1714 419 1784 intervallo
442 1715 484 1782 ab
507 1738 713 1804 unoquoque
735 1715 840 1784 latere
862 1716 1011 1785 radiante
1035 1716 1221 1785 distantem.
1251 1758 1289 1774 -
1321 1717 1528 1806 Superiicies
1556 1726 1668 1787 autem

84 1845 261 1929 utriusque
283 1842 375 1928 paris
397 1841 495 1907 nimis
523 1840 655 1908 diversa
684 1846 771 1926 erat,
800 1863 899 1928 quam
928 1847 967 1908 ut
994 1863 1038 1910 ex
1064 1841 1130 1909 boc
1154 1845 1222 1930 jam
1253 1844 1483 1929 experimento
1510 1841 1668 1911 concludi

83 1967 251 2055 potuerit,
281 1986 347 2054 qna
377 1966 506 2031 ratione
535 1985 608 2033 cum
638 1964 758 2031 duritie
789 1970 826 2032 et
853 1965 1020 2032 densitate
1050 1965 1191 2033 radiatio
1215 1966 1419 2034 cohaereret.
1466 1966 1601 2036 Etenim
1625 1990 1668 2036 ne

84 2087 329 2179 pertinentibus
353 2089 485 2176 quidem
509 2089 613 2156 adse
635 2091 776 2156 invicem
799 2086 924 2156 tabulis
946 2097 1014 2157 tam
1036 2112 1144 2178 aequa
1169 2091 1239 2156 dari
1260 2093 1372 2179 potuit
1392 2090 1604 2178 superficies,
1632 2100 1669 2160 ut

86 2218 160 2302 ejus
193 2213 332 2280 radiatio
368 2213 506 2280 eandem
540 2213 574 2278 in
607 2211 858 2299 thermoscopio
893 2213 1147 2282 declinationem
1183 2215 1343 2282 effecerit.
1397 2212 1498 2282 Certo
1534 2217 1667 2303 quidem

84 2338 199 2427 aliquo
221 2335 408 2406 tabulmum
431 2359 452 2405 a
472 2336 540 2425 pila
562 2335 749 2421 intervallo,
772 2335 909 2405 alterius
929 2339 1024 2406 lusae
1047 2337 1181 2407 tabulae
1203 2339 1343 2407 radiatio
1366 2360 1462 2408 acum
1485 2340 1529 2407 ad
1551 2336 1667 2424 48⁹,25

87 2463 234 2546 deflexit,
258 2462 396 2529 alterius
419 2462 461 2528 ad
484 2458 560 2546 ⁴9⁰3
583 2483 724 2549 pressae
747 2471 856 2529 autem
880 2462 1017 2530 alterius
1040 2464 1083 2530 ad
1106 2462 1177 2548 51⁰,
1201 2462 1336 2530 alterius
1359 2462 1402 2529 ad
1425 2461 1529 2548 5θ”,5.

195 2587 371 2675 conjicere
395 2593 504 2653 autem
527 2584 671 2670 licebat,
693 2585 864 2672 plumbum
887 2587 1024 2655 densius
1044 2591 1168 2655 iactum
1193 2609 1289 2671 esse,
1314 2586 1503 2676 ubieunque
1527 2588 1667 2676 chalybs

85 2716 184 2780 rimas
206 2711 401 2799 splendidas
423 2714 457 2776 in
479 2708 534 2776 illo
559 2710 699 2778 duxerit
743 2709 862 2798 ltaque
884 2712 1068 2779 secundnm
1090 2711 1200 2797 legem
1222 2711 1311 2778 illam
1332 2712 1565 2780 allellonio
1588 2736 1668 2800 pro·

85 2840 230 2925 positam
265 2836 395 2901 rimatio
429 2837 577 2902 minuere
612 2833 759 2903 debebat
786 2833 974 2902 tabularum
1002 2834 1229 2923 plumbearum
1258 2835 1474 2902 radiatiouem
1502 2835 1606 2923 idque
1633 2839 1668 2903 in

83 2964 172 3028 fusis
201 2962 305 3043 magis
333 2981 431 3047 quam
460 2961 493 3025 in
522 2961 660 3046 pressis.
707 2959 806 3044 Quod
834 2960 968 3047 quidem
996 2963 1070 3047 ipsa
1096 2961 1304 3047 experientia
1326 2959 1580 3048 comprobatum
1604 2967 1667 3028 est

84 3083 221 3151 Etenim
244 3085 273 3149 si
295 3084 388 3150 fusa
415 3081 528 3149 tabula
557 3083 662 3150 alters
690 3086 781 3151 rimis
808 3083 1050 3169 instruebatur,
1079 3105 1168 3171 quae
1195 3088 1352 3172 majorem
1381 3080 1442 3148 49·
1471 3084 1668 3153 declinatio·

84 3231 161 3277 nene
185 3207 361 3291 effecerat,
391 3206 533 3274 facultas
557 3211 630 3295 ejus
653 3207 800 3276 calorem
821 3208 994 3276 emittendi
1015 3212 1063 3274 ita
1086 3207 1313 3290 minuebatur,
1342 3216 1380 3273 ut
1402 3206 1538 3274 alterius
1560 3212 1669 3276 minus

84 3333 173 3401 bene
196 3332 353 3399 radiantis
375 3329 512 3397 tabulae
535 3330 689 3397 facultati
713 3333 966 3421 adaequaretur.
1012 3332 1090 3399 lam
1118 3341 1261 3419 utraque
1283 3353 1392 3419 aeque
1414 3354 1435 3398 a
1456 3330 1668 3400 tbermosco·

83 3460 143 3546 pio
168 3456 296 3523 distans
318 3473 413 3522 ecum
435 3454 479 3521 ad
494 3452 611 3539 ⁴8⁰,25
635 3455 780 3524 detlsxit.
811 3455 974 3524 Plumbea
999 3464 1109 3523 autem
1133 3458 1288 3524 inunum
1311 3456 1528 3524 directionem
1551 3459 1669 3524 rimata

85 3579 212 3666 tabula,
234 3583 267 3649 si
287 3586 499 3647 transversas
520 3581 621 3646 rimas
644 3589 834 3669 acceperat,
857 3585 957 3650 etiarn
979 3584 1141 3648 minorem
1155 3580 1374 3648 radiationem
1388 3580 1552 3667 praebuit
1581 3583 1669 3648 Nam

86 3708 206 3776 eodem
231 3726 250 3773 e
272 3706 411 3792 regione
433 3703 520 3791 pilae
542 3704 622 3772 loco
646 3727 740 3774 acum
763 3707 993 3774 tantummodo
1015 3705 1060 3772 sd
1083 3701 1198 3789 ⁴7⁰,2o
1223 3704 1363 3791 redegit

196 3832 438 3899 Pressuram
460 3851 542 3898 vero
564 3829 752 3898 tabularum
774 3851 816 3898 ea
837 3833 929 3898 rimis
950 3828 1189 3912 instruebatur,
1216 3828 1259 3895 ad
1283 3850 1384 3916 quam
1406 3827 1500 3913 5535
1525 3829 1668 3896 deelina-

85 3961 134 4025 tio
156 3954 354 4045 pertinebat
397 3955 436 4022 ln
457 3953 521 4022 hac
545 3977 682 4044 quoque
703 3954 843 4023 radiatio
867 3957 915 4022 ita
939 3954 1097 4021 diminuta
1120 3959 1185 4036 est,
1208 3959 1246 4020 ut
1267 3974 1351 4019 acus
1373 3953 1601 4020 tantummodo
1624 3952 1669 4018 ad

85 4079 180 4165 ⁴825
202 4081 393 4150 declinaret.
424 4078 488 4148 Sin
511 4087 622 4149 autem
644 4083 679 4147 in
701 4078 814 4147 tabula
835 4077 902 4146 buc
924 4078 1002 4146 illuc
1023 4080 1126 4145 rimae
1148 4079 1259 4145 iactae
1282 4083 1390 4161 erant,
1413 4077 1553 4144 radiatio
1575 4083 1668 4144 eate-

85 4229 151 4276 nus
172 4215 273 4276 aucta
294 4213 366 4290 est,
393 4212 432 4274 nt
462 4206 716 4274 declinationem
746 4202 861 4290 49⁹,75
885 4204 1044 4272 efficeret.
1092 4203 1207 4291 Atque
1229 4202 1295 4269 boc
1318 4201 1453 4289 quidem
1475 4198 1553 4266 inde
1576 4201 1670 4268 nasci

84 4335 208 4421 potuit,
231 4333 324 4419 quod
345 4330 527 4421 plumbum,
550 4338 588 4398 ut
611 4338 722 4415 antea,
744 4330 864 4398 mediis
886 4332 921 4397 in
942 4332 1035 4396 rimis
1058 4328 1195 4396 densius
1217 4323 1431 4406 reddebatur,
1458 4326 1491 4388 in
1514 4327 1669 4410 margini·

85 4457 153 4525 bus
177 4463 288 4525 autem
310 4454 586 4526 concurrentibus
608 4455 751 4524 mollius.
782 4455 857 4522 llac
881 4462 993 4521 autem
1016 4475 1052 4521 re
1074 4451 1191 4520 tabula
1212 4472 1332 4539 pressa
1354 4446 1530 4516 differebat
1544 4470 1565 4515 a
1580 4449 1669 4533 insa,

86 4586 120 4650 in
143 4604 210 4671 qua
234 4588 270 4649 et
290 4581 357 4650 bne
378 4582 455 4650 illuc
479 4581 602 4649 duone
624 4583 726 4649 dmae
749 4580 969 4648 radiationem
991 4579 1186 4646 minuerant.

198 4707 275 4775 Jsm
297 4709 331 4772 in
353 4711 518 4795 sequente
539 4706 649 4774 indice
670 4708 797 4773 numeri
819 4706 953 4772 suntin
977 4709 1196 4792 conspectum
1219 4700 1298 4782 dati,
1323 4701 1380 4787 qui
1403 4699 1544 4768 dirersis
1566 4719 1668 4784 expe·

85 4837 217 4904 timenti
240 4831 485 4902 conditionibus
507 4831 605 4903 medii
627 4852 647 4901 e
668 4830 758 4899 binis
781 4828 1071 4899 observationibus
1096 4830 1288 4896 evenerunt:
