4544 5918
1347 358 1557 475 -u-

774 586 1034 672 nomenogio,
1056 583 1092 649 id
1116 584 1206 672 qaod
1229 606 1248 653 e
1271 594 1458 674 conspectu
1470 594 1636 674 sequente
1651 584 1857 672 inteiiigitur,
1882 584 2069 652 discrimina
2085 585 2120 650 in
2133 591 2245 652 mans-¹

662 710 824 776 missione
853 710 969 775 sentiri
997 715 1172 796 poterant,
1200 711 1229 776 si
1258 710 1454 777 radiantium
1483 730 1655 799 corporum
1681 708 1874 798 superficies
1897 711 1988 776 rimis
2010 716 2140 777 mutata
2163 718 2242 795 erat,

665 836 880 920 quantumvis
902 832 937 899 id
957 835 1066 920 ipsum
1089 831 1132 898 od
1156 834 1269 900 emissi
1290 831 1412 902 caloris
1435 836 1566 922 copiam
1589 831 1734 902 volebat.

1203 1116 1355 1168 Deoiiustio
1372 1123 1436 1180 post
1454 1130 1572 1181 corpora
1588 1117 1759 1182 interposita,
1778 1116 1920 1169 caetratis
1938 1117 1970 1167 sd
1988 1112 2039 1168 dd·
2057 1116 2092 1167 R.

735 2747 751 2802 7
812 2711 934 2798 Spatirum

805 2783 944 2839 calcarium.

774 3320 861 3387 iliud
890 3322 989 3407 igitur
1017 3322 1047 3387 si
1076 3319 1259 3405 addideris,
1288 3319 1379 3408 quod
1409 3321 1668 3389 demonstratum
1694 3327 1747 3389 est
1770 3325 1821 3408 (p.
1839 3321 2007 3403 13-16),
2039 3320 2163 3389 caloris
2185 3340 2238 3407 per

668 3442 895 3512 diathermana
919 3465 1061 3532 corpora
1083 3445 1285 3513 transeuntis
1309 3445 1447 3513 eandem
1471 3451 1506 3512 et
1530 3452 1738 3513 constantem
1763 3466 1841 3512 esse
1869 3445 2048 3526 rationem,
2080 3464 2234 3534 quaerar·

668 3590 734 3658 que
757 3568 916 3638 radiantis
946 3571 1097 3658 corporis
1124 3571 1210 3638 inter
1239 3564 1301 3635 25⁰
1317 3568 1358 3637 R.
1387 3576 1424 3637 et
1454 3564 1514 3635 9⁰⁹
1530 3571 1571 3636 R.
1600 3571 1700 3638 fuerit
1728 3576 1968 3655 temperatura:
1992 3571 2065 3656 jam
2094 3572 2234 3657 apparet,

667 3693 847 3763 calorem
883 3717 902 3762 a
938 3694 1236 3765 diversissimis
1270 3693 1396 3761 ducto
1432 3692 1569 3762 calore
1606 3693 1829 3762 calefactis
1864 3691 2117 3778 corporibus
2135 3691 2232 3760 adia·

665 3819 910 3903 thermauis,
940 3817 1103 3887 diversa
1131 3817 1250 3888 simul
1279 3818 1526 3907 superficiei
1556 3824 1718 3902 natura,
1755 3817 1941 3884 emissum
1966 3851 2011 3862 ——
2037 3819 2148 3884 intro
2169 3815 2231 3882 irus

668 3945 833 4037 quidem
856 3949 1161 4031 temperaturae
1183 3945 1293 4012 fines
1312 3984 1347 4000 -
1366 3966 1438 4032 per
1462 3941 1745 4010 diathermaua
1767 3961 1940 4029 corpora
1964 3939 2152 4012 adhibito
2169 3960 2228 4028 pa·

667 4073 768 4138 riter
790 4070 1028 4138 transmitti.

1439 4270 1473 4344 2.

778 4443 957 4510 Praeterea
980 4437 1215 4529 quaerebatur,
1239 4462 1306 4529 qua
1328 4443 1456 4508 ratione
1480 4437 1580 4521 calor,
1601 4435 1644 4503 air
1667 4436 1744 4521 iliis,
1767 4457 1853 4524 quae
1876 4433 2074 4522 significavi,
2098 4430 2222 4522 corpori·

668 4564 733 4631 irus
756 4567 916 4650 emissus,
943 4589 1005 4653 per
1029 4564 1254 4633 diathermaua
1278 4586 1418 4651 corpora
1441 4565 1737 4647 transmitteretur,
1765 4564 1794 4628 si
1823 4582 1889 4627 non
1910 4559 2018 4628 ducto
2042 4557 2100 4627 illa
2122 4557 2222 4633 colori,

669 4696 708 4759 ut
732 4693 843 4772 antea,
866 4690 926 4756 sed
951 4691 1202 4759 diversorum
1226 4688 1381 4758 caloris
1403 4690 1572 4756 sontium
1596 4687 1723 4754 radiis
1747 4685 1907 4753 calefacta
1931 4691 2007 4756 sint.

780 4810 879 4897 Quod
901 4813 943 4879 ad
971 4815 1238 4902 investigandum
1268 4833 1409 4902 corpora
1439 4811 1663 4881 calefacienda
1689 4814 1826 4899 primum
1850 4812 2116 4900 Argondicne
2143 4809 2221 4877 ism

668 4941 788 5029 podis
812 4935 1019 5028 exponebam
1043 4940 1164 5025 radiis,
1193 4964 1280 5030 quae
1303 4940 1453 5029 quidem,
1477 4944 1514 5006 ut
1534 4937 1601 5004 huc
1624 4960 1749 5026 usque,
1772 4940 1845 5007 sine
1870 4942 1997 5007 camino
2020 4941 2128 5008 vitreo
2149 4926 2222 5007 auti
