4634 5924
840 354 904 461 ,21

202 578 328 649 Similia
345 584 378 647 in
394 579 467 647 aliis
482 600 618 668 quoque
635 577 868 645 diatbermanis
885 575 1082 664 corporibus
1097 576 1305 663 apparuisse,
1329 582 1535 662 conspectus
1557 581 1671 642 osten·

88 705 150 789 dit,
173 707 231 793 qni
254 707 417 794 seqnitur,
440 705 568 772 medios
591 704 737 771 eternis
761 700 1053 770 observationibus
1076 722 1232 768 numeros
1256 703 1449 768 continens:

883 1038 903 1050 ¹-
1084 967 1237 1018 Declinatto
1257 973 1319 1030 post
1470 1014 1491 1052 ,Ξ

928 1053 933 1065 “
1052 1069 1170 1118 corpora
1188 1056 1351 1119 interposita
1470 1058 1521 1125 Ἡ,

1478 1108 1521 1142 h-

913 1224 918 1236 .
1007 1235 1048 1242 --
1145 1161 1288 1243 ..-um
1432 1238 1445 1245 -
1501 1194 1522 1228 -=

958 1304 1043 1351 parram
1068 1290 1221 1348 magnamBsr·
1239 1303 1324 1348 parram
1348 1305 1381 1333 ma
1395 1305 1422 1334 ns
1471 1297 1492 1326 '⁵

354 1387 406 1431 ²3
429 1396 499 1440 lami.
523 1395 594 1439 mm,
743 1366 755 1394 a
790 1367 803 1394 u
819 1353 859 1395 inis
881 1342 933 1438 ,ἐξ
952 1353 1049 1395 alcobslis
1063 1351 1220 1424 salispaslan.
1243 1358 1326 1395 eunus
1352 1354 1443 1426 Argand.
1471 1331 1522 1434 .Ξέ

388 1437 405 1451 ·
799 1419 827 1441 θ’·
971 1411 1030 1458 flam·
1074 1413 1134 1474 padrs
1149 1410 1208 1456 llam-
1235 1413 1444 1474 candelaelampsdu
1477 1417 1522 1465 8·-
1560 1412 1617 1459 llam·

455 1480 490 1520 «Ι.
533 1476 581 1517 8⁴¹.
970 1490 1033 1520 mm.
1111 1488 1174 1520 nam.
1243 1473 1321 1520 um.
1358 1474 1436 1521 dan.
1470 1466 1492 1508 0
1559 1492 1621 1523 nan.
1735 1496 1755 1524 ι

196 2609 293 2673 Acus
322 2607 432 2669 antem
465 2600 768 2688 galvanometricae
803 2602 930 2670 directa
963 2604 1148 2670 radiatione
1184 2602 1361 2672 declinatio
1392 2607 1534 2692 effecta,
1569 2633 1669 2697 quam

86 2736 299 2800 constantem
322 2727 448 2794 servari
471 2723 660 2811 oportebat,
683 2726 726 2792 ad
750 2725 904 2814 exempla
928 2735 1021 2795 certo
1045 2734 1080 2795 et
1102 2734 1257 2796 accurate
1277 2732 1364 2796 inter
1378 2753 1416 2797 se
1433 2734 1669 2819 comparanda,

83 2877 220 2943 semper
243 2852 285 2920 de
307 2854 437 2938 integro
462 2848 716 2932 observabatur,
739 2852 931 2940 priusquam
955 2873 1078 2919 novum
1101 2851 1235 2940 aliquod
1263 2852 1520 2923 diathermanum
1544 2878 1669 2945 corpus

83 2981 363 3066 interponeretur.
409 2975 462 3041 Ad
487 2974 738 3060 investigandos
761 2997 842 3043 vcro
873 2976 1025 3044 diversos
1054 2975 1174 3044 caloris
1204 2979 1316 3045 fontes
1344 2979 1377 3045 in
1405 2979 1546 3066 singulis
1571 2987 1670 3048 terna

83 3111 215 3173 tantum
239 3103 399 3187 deinceps
423 3122 565 3186 corpora
586 3099 828 3169 adhibebantur
852 3103 910 3185 ita,
937 3107 974 3166 ut
997 3100 1250 3169 observationes
1274 3101 1317 3168 ad
1340 3104 1542 3171 seinvicem
1565 3106 1668 3191 perti·

83 3237 223 3310 nentes,
253 3248 339 3314 quoe
368 3225 501 3314 quidem
530 3224 679 3311 singulae
711 3229 764 3309 l,a
790 3224 887 3292 vell
917 3224 1041 3294 flebunt
1068 3228 1219 3309 minutis,
1252 3249 1339 3313 quae
1368 3226 1537 3310 dicontur,
1566 3227 1668 3295 borae

82 3351 249 3441 partibus,
272 3371 440 3438 uunquam
463 3356 595 3435 tempus
618 3349 833 3434 excederent,
857 3352 943 3416 intra
967 3350 1056 3438 quod
1081 3371 1197 3417 omnes
1222 3352 1441 3438 experimenti
1458 3350 1669 3419 conditiones

81 3499 154 3546 uon
176 3477 298 3543 incunt
319 3477 403 3541 satis
427 3480 623 3540 constantes
647 3475 887 3541 existimandae
906 3471 940 3549 ¹).

198 3600 305 3684 Quam
335 3598 375 3665 ad
405 3596 602 3665 servandam
635 3600 854 3665 constantiam
890 3596 975 3686 pilae
1009 3597 1345 3665 thermo-electricae
1379 3620 1446 3665 non
1480 3598 1668 3668 mutabatur

84 3726 224 3816 positio,
249 3724 325 3790 dnm
349 3720 472 3788 caloris
494 3723 570 3791 fons
594 3725 698 3810 magis
721 3725 871 3791 minusve
887 3723 932 3790 illi
947 3721 1200 3803 admovebatur,
1224 3721 1333 3791 donec
1345 3721 1535 3809 declinatio,
1558 3747 1668 3815 aequo

85 3872 219 3938 semper
243 3847 343 3916 etad
366 3847 622 3933 comparandum
645 3849 849 3929 neccssaria,
872 3847 998 3916 directa
1021 3848 1204 3915 radiatione
1227 3847 1347 3915 effecta
1372 3854 1475 3915 esset.

196 3970 437 4041 Diathermana
459 3978 568 4039 autem
592 3994 733 4059 corpora
755 3994 888 4059 semper
916 3972 1033 4039 eodem
1062 3970 1139 4039 loco
1168 3978 1249 4058 post
1277 3970 1489 4058 diaphragma
1518 3970 1666 4060 aliquod,

85 4098 206 4168 eodem
229 4116 362 4183 semper
385 4103 420 4162 et
443 4098 610 4164 constanti
633 4119 652 4163 a
674 4095 922 4183 tbermoscopio
946 4095 1117 4164 intervallo
1141 4096 1297 4164 distantia
1320 4093 1622 4184 interponebantur.

199 4381 217 4439 ¹)
237 4382 327 4441 Quare
350 4392 525 4432 nrrmerorum
547 4386 575 4433 et
599 4388 682 4434 sntcs
704 4380 881 4434 iudicatorum
905 4387 936 4433 et
957 4383 1003 4448 qut
1020 4388 1116 4449 postes
1142 4382 1348 4448 indicsbustur,
1371 4380 1434 4433 illos
1454 4384 1573 4447 uotum,
1596 4393 1666 4444 quos

83 4491 147 4554 ipse
167 4499 221 4538 uno
239 4494 390 4551 conspectu
409 4486 563 4552 composui,
581 4488 655 4541 inter
671 4502 704 4540 ss
722 4502 880 4554 conparare
897 4489 970 4542 licet

732 4786 1012 4817 *Qus——
