4544 5918
684 589 752 650 tem
774 580 903 648 numeri
925 579 959 644 is
981 573 1237 662 multiplicatore
1258 579 1338 643 sunt
1360 574 1545 661 observati,
1569 598 1668 665 quem
1685 575 2025 660 Sebellbnclrins,
2048 577 2101 642 vir
2115 573 2256 643 illustris

683 709 809 789 simus,
833 724 921 791 qnae
936 706 990 769 est
1005 707 1079 793 ejus
1093 699 1293 782 humanitus,
1317 699 1394 767 milri
1410 701 1649 787 commodarit3
1671 703 1879 788 posteriores
1894 701 1927 767 in
1940 723 2017 768 mco
2033 701 2094 778 (ci.
2108 723 2144 787 p.
2159 700 2191 765 8.
2214 703 2263 777 4.)

685 834 743 920 qui
765 835 860 897 tanta
883 832 956 893 erat
978 823 1167 893 affectionis
1189 821 1391 908 subtilitate,
1415 831 1452 892 ut
1473 831 1543 892 tum
1567 846 1703 914 quoque
1727 826 1854 893 directo
1875 824 2001 892 caloris
2022 824 2139 892 redexi
2165 823 2259 890 radis

682 953 777 1020 tione
805 953 949 1039 maiores
978 946 1144 1017 efficerem
1172 945 1429 1028 declinationes,
1458 970 1533 1016 eum
1561 949 1706 1017 nondum
1735 972 1755 1017 e
1777 949 1995 1018 calefactione
2017 969 2191 1035 corporum
2216 969 2255 1015 re

682 1075 888 1143 lactentium
917 1073 1030 1161 aliqua
1058 1071 1205 1140 turbatio
1234 1071 1381 1138 timenda
1409 1079 1513 1140 esset.
1558 1072 1686 1143 sexies
1710 1094 1791 1140 vero
1816 1075 2044 1161 experimenta
2066 1071 2121 1139 illa
2142 1078 2262 1140 tantu·

683 1199 808 1268 idcirco
833 1200 969 1286 repetii,
998 1199 1153 1286 quonism
1176 1195 1256 1264 talia
1276 1195 1423 1264 nondum
1445 1204 1545 1266 autea
1566 1199 1773 1266 institueram
1793 1197 1894 1285 idque
1912 1195 1990 1264 snibi
2008 1217 2170 1263 summum
2193 1219 2214 1263 e
2240 1228 2272 1253 -ι

683 1322 878 1405 videbatur,
909 1327 947 1388 ut
970 1327 1064 1389 certo
1088 1343 1129 1389 ae
1152 1323 1330 1389 manifesto
1353 1321 1432 1388 mibi
1454 1323 1708 1408 persuaderem,
1729 1343 1854 1389 verane
1876 1326 1994 1389 essent
2015 1339 2074 1405 ea,
2097 1340 2183 1408 qnae
2209 1318 2260 1386 ob

684 1468 892 1530 servassem,
922 1451 1025 1533 atquc
1053 1447 1141 1513 intra
1169 1467 1256 1533 quos
1278 1448 1438 1514 terminos
1461 1452 1629 1514 accurata.
1673 1448 1800 1514 Postea
1822 1453 1934 1514 nutem
1957 1467 2032 1515 cum
2047 1448 2120 1534 iam
2143 1445 2264 1511 exerci

684 1572 788 1637 tatior
811 1590 921 1637 essem
946 1576 982 1638 et
1003 1576 1137 1637 aestate
1158 1573 1267 1657 magis
1289 1571 1487 1658 opportunis
1509 1576 1754 1656 temperaturae
1777 1569 2026 1639 conditionibus
2040 1575 2164 1651 uterer,
2189 1570 2270 1634 sati

685 1694 765 1763 mibi
787 1696 895 1761 visum
919 1700 985 1777 est,
1009 1693 1139 1780 singula
1163 1700 1284 1782 quater
1304 1700 1469 1780 repetere.

798 1817 926 1902 Quodsi
948 1818 982 1884 id
1005 1818 1288 1901 animadvertitur,
1313 1817 1453 1887 colorem
1476 1816 1635 1884 reflexum
1659 1817 1812 1885 omnibus
1832 1821 1864 1886 in
1880 1817 2042 1906 exemplis
2056 1815 2122 1885 illis
2143 1817 2194 1902 (p.
2208 1818 2263 1882 nl.

684 1966 747 2031 pro
771 1944 899 2010 ratione
922 1941 1039 2009 melius
1061 1943 1257 2024 transmitti,
1289 1964 1387 2030 qnam
1411 1963 1477 2008 nnn
1500 1940 1678 2024 reflexum,
1700 1942 1853 2028 proiecto
1876 1944 2069 2029 neutiquam
2091 1938 2269 2007 verendum

687 2074 775 2150 erat,
805 2090 847 2134 ne
876 2067 1067 2133 discrimina
1098 2065 1279 2133 observata
1306 2088 1344 2133 re
1368 2087 1447 2133 vera
1468 2065 1546 2132 iude
1569 2065 1705 2148 fierent,
1734 2066 1825 2154 quod
1847 2068 1993 2154 ipsorum
2019 2086 2202 2153 corporum
2225 2086 2263 2131 re

685 2192 891 2260 flectentium
921 2188 1014 2257 calor
1042 2189 1084 2256 nd
1110 2190 1217 2276 ipsius
1243 2191 1348 2257 fontis
1376 2189 1489 2255 radios
1522 2188 1710 2256 accederet
1760 2188 1819 2257 lile
1853 2193 1957 2274 enim,
1990 2190 2023 2255 id
2054 2189 2148 2279 qnod
2177 2197 2269 2255 ante

686 2318 734 2403 (p.
751 2315 819 2393 43.)
837 2313 1072 2401 cognovimus,
1099 2334 1161 2400 per
1184 2315 1293 2381 omnia
1316 2311 1464 2379 adbibita
1488 2312 1714 2380 diatbermana
1738 2335 1878 2401 corpora
1900 2315 2010 2382 miuus
2030 2313 2120 2381 bene
2142 2314 2265 2380 transit

689 2459 789 2527 quam
811 2435 974 2525 lampadis
995 2435 1205 2524 Argandicae
1229 2434 1330 2503 calor.

799 2562 846 2630 Ut
869 2582 968 2627 unum
990 2560 1220 2629 tantummodo
1252 2559 1440 2648 exemplum
1469 2561 1615 2628 afferam:
1650 2559 1772 2629 caloris
1799 2561 1882 2629 radii
1910 2584 1931 2629 n
1959 2582 2102 2648 corpore
2131 2561 2269 2649 quodam

686 2689 772 2755 iulia
794 2682 906 2753 90⁴}t.
929 2686 1060 2767 emissi,
1084 2686 1140 2771 qni
1164 2684 1324 2752 directam
1346 2683 1409 2747 25⁰
1431 2683 1686 2752 declinationem
1710 2684 1910 2766 effecerant,
1932 2687 2133 2773 interposito
2154 2683 2268 2772 spatbu

688 2809 833 2880 calcario
857 2830 953 2875 acum
978 2808 1019 2875 ad
1039 2804 1133 2892 5269
1157 2800 1381 2893 deflexerunt,
1405 2806 1594 2895 alsmpode
1610 2810 1738 2893 emissi,
1761 2809 1875 2878 eadem
1893 2809 2020 2876 directa
2037 2809 2262 2877 declinatione

687 2935 888 3023 interposito
913 2932 1032 2999 endem
1056 2930 1196 3018 spatbn,
1227 2931 1270 2998 ad
1296 2928 1420 3015 istra.
1451 2969 1496 2979 -
1525 2930 1564 3000 Si
1588 2934 1686 3018 igitur
1707 2934 1839 3020 priores
1861 2932 1909 2999 illi
1931 2955 2006 3000 curn
2028 2931 2083 2999 lris
2107 2937 2262 3023 conjunct

687 3059 776 3126 illam
799 3053 860 3123 lb·
883 3055 1139 3124 declinationem
1162 3054 1372 3139 efficiebant,
1399 3058 1600 3143 interposito
1622 3055 1744 3144 spatbo
1771 3057 1935 3135 calcario,
1961 3061 2067 3125 minor
2096 3057 2267 3126 declinam

689 3203 787 3270 qnam
814 3177 928 3264 15’,19
952 3177 1099 3246 debebat
1122 3180 1279 3246 existere.
1323 3180 1372 3248 Ut
1393 3201 1474 3247 vero
1498 3179 1543 3245 ad
1566 3176 1680 3263 22⁶,3l
1705 3188 1882 3267 augeretur
1905 3219 1946 3232 -
1969 3181 2005 3247 id
2028 3182 2121 3270 quod
2144 3205 2178 3248 v.
2195 3203 2222 3248 c.
2263 3210 2268 3240 ι

689 3306 835 3372 carmina
859 3300 1073 3370 observatum
1097 3307 1151 3368 cst
1173 3307 1221 3388 (p.
1238 3302 1306 3379 61.)
1330 3341 1374 3356 -
1396 3325 1438 3370 en
1461 3303 1563 3371 modo
1584 3303 1656 3370 lieri
1679 3308 1812 3372 omnino
1835 3328 1902 3373 non
1923 3313 2052 3394 posset

799 3429 919 3512 Neque
941 3447 1021 3492 vcro
1044 3424 1186 3492 alienum
1210 3447 1290 3493 esse
1312 3449 1332 3492 a
1354 3433 1469 3494 nostra
1492 3431 1692 3514 quaestione
1715 3432 1912 3513 existimavi,
1936 3432 2079 3499 endem
2102 3453 2267 3520 corpor

690 3551 845 3618 diversi
868 3548 1028 3618 coloris
1050 3550 1137 3618 inter
1159 3570 1199 3618 se
1222 3572 1427 3639 conparare.

799 3673 837 3740 ln
860 3696 926 3762 qno
950 3676 1120 3761 apparuit,
1150 3697 1182 3744 v.
1207 3696 1236 3740 c.
1260 3674 1407 3743 calorem
1431 3678 1583 3744 eserico
1611 3676 1748 3744 attalica
1776 3676 1854 3747 albo
1884 3686 1919 3746 et
1945 3681 2057 3766 nigro,
2086 3683 2232 3771 itemque
2261 3715 2266 3739 ι

687 3801 807 3868 taffeto
829 3796 909 3864 albo
933 3805 969 3865 et
990 3801 1086 3884 nigro
1110 3797 1269 3865 redexum
1293 3801 1490 3866 intransitu
1519 3823 1580 3888 per
1607 3822 1751 3888 corpora
1780 3802 2006 3870 diatbermana
2036 3803 2184 3873 discerni
2209 3828 2267 3871 un

688 3945 805 4013 posse.
852 3920 952 3988 lladii
975 3921 1108 4008 quidem
1131 3921 1174 3988 ab
1198 3921 1352 3990 omnibns
1382 3923 1435 3991 bis
1464 3924 1662 4012 corporibus
1688 3929 1824 4014 rejecti,
1853 3929 1975 3993 vitrum
2002 3928 2142 3997 rubrum
2167 3937 2261 3996 trarm

688 4055 824 4130 euntes,
848 4066 945 4112 acum
969 4044 1012 4110 ud
1035 4042 1268 4128 ⁷⁸,bt-⁷’‚n8
1291 4046 1516 4131 deflexerunt,
1539 4049 1665 4116 directa
1689 4047 1749 4114 1³·
1771 4049 2010 4134 declinatione3
2035 4075 2100 4140 per
2120 4054 2239 4143 spntb
2258 4094 2270 4113 ι

687 4195 770 4241 vero
795 4170 974 4240 calcarium
997 4167 1061 4236 illis
1083 4169 1354 4254 transeuntibus,
1378 4193 1453 4237 cnm
1475 4180 1576 4239 antea
1598 4169 1724 4241 directa
1747 4171 1809 4239 25·
1832 4175 2011 4245 decbsatio
2030 4179 2174 4265 fnisset,
2197 4203 2218 4247 a
2248 4212 2270 4237 ι.

689 4291 1233 4380 au1⁷·,1s-17·,5nnec}iusvic
1250 4332 1295 4342 -·
1314 4293 1440 4362 Contra
1461 4296 1606 4364 reflexus
1628 4320 1648 4363 a
1670 4320 1782 4384 panno
1804 4304 1999 4369 sammetieo
2023 4301 2100 4371 albo
2124 4311 2163 4371 et
2184 4328 2272 4392 mgr*

691 4416 784 4483 calor
806 4442 866 4505 per
888 4418 944 4485 illa
968 4440 1111 4505 corpora
1134 4416 1359 4485 diversissima
1382 4422 1511 4487 ratione
1534 4424 1676 4490 transiit.
1714 4422 1849 4492 Etenim
1873 4429 1906 4491 iu
1929 4425 2006 4494 albo
2030 4449 2050 4495 e
2072 4428 2264 4496 directa-ro

690 4538 931 4626 declinatione,
960 4544 1159 4630 interposito
1187 4545 1274 4610 vitro
1304 4541 1423 4627 rubro,
1453 4541 1548 4630 8216
1571 4549 1716 4632 exstitit;
1745 4550 1778 4614 in
1800 4553 1896 4636 nigro
1919 4560 2029 4620 autem
2052 4575 2165 4640 panno
2188 4578 2259 4623 sam

689 4666 814 4733 melico
843 4662 930 4748 6253
960 4669 1159 4754 interposito
1189 4667 1313 4755 spatbo
1342 4668 1486 4738 calcario
1512 4669 1620 4740 illice
1643 4671 1855 4742 directa25‘
1878 4674 2115 4747 declinatione:
2149 4677 2263 4763 1926?

688 4788 744 4856 bic
769 4784 870 4868 ml.

800 4909 936 4981 Similes
959 4915 1120 5001 quasdam
1146 4918 1358 4989 diversitates
1382 4917 1580 4990 observatas
1603 4944 1682 4990 esse
1704 4926 1737 4990 in
1761 4922 1845 4992 alius
1873 4926 1998 4994 coloris
2026 4950 2140 5012 panno
2167 4934 2272 5000 serie
