4544 5918
758 567 858 651 Quod
880 568 1145 655 experimentum
1167 572 1326 655 utquam
1348 570 1592 657 integerrimum
1619 533 1843 654 hstituerem,
1872 590 2015 656 corpore
2041 566 2099 635 illa
2126 569 2229 635 etiam

556 779 559 783 .
644 715 714 766 100
741 693 889 761 obducta
916 690 1054 780 iuligine
1082 691 1225 760 diversis
1253 691 1355 761 radiis
1382 691 1627 762 calefaciebem
1670 691 1777 777 Quem
1804 691 2066 771 sadducaeum
2090 691 2229 761 mutae

645 817 742 904 loco,
769 819 933 906 utrimque
962 814 1097 904 iuligine
1124 822 1254 902 tectae,
1282 814 1438 885 carbonis
1464 815 1582 885 tabula
1610 823 1740 903 uterer,
1766 817 1853 887 idem
1878 816 2106 907 placeatque
2128 822 2229 885 antea

647 948 853 1012 consecutus
878 962 963 1009 sum.

756 1064 945 1135 carminum
969 1070 1081 1131 autem
1103 1064 1138 1130 in
1160 1069 1233 1133 rete
1254 1062 1465 1151 imponebam
1487 1064 1698 1152 metallicum,
1720 1071 1758 1135 ut
1779 1064 1930 1151 singulae
1952 1065 2090 1154 quidem
2112 1069 2229 1151 partes

645 1194 913 1274 continerentur,
941 1191 1097 1279 ipsarum¹
1115 1193 1226 1256 autem
1254 1210 1322 1256 non
1346 1188 1559 1276 impediretur
1581 1196 1768 1259 contactus.
1814 1188 1913 1273 Quod
1934 1191 1967 1259 si
1987 1194 2034 1255 ita
2057 1208 2230 1276 compara·

645 1322 716 1384 tum
738 1322 817 1382 ante
839 1312 939 1402 pilam
963 1311 1174 1400 Argaudicae
1196 1310 1358 1399 lampadis
1379 1312 1433 1380 vel
1455 1312 1595 1400 cylindri
1616 1310 1728 1382 Sd’lt
1752 1313 1983 1402 exponebatur
2003 1312 2120 1396 radiis,
2149 1334 2231 1400 quo·

647 1462 719 1507 nrm
743 1438 869 1506 directa
892 1438 1033 1505 radiatio
1056 1437 1194 1505 eandem
1216 1437 1250 1503 in
1271 1433 1551 1524 ibermoscopium
1574 1440 1640 1507 vim
1663 1444 1879 1523 exercuerat,
1907 1437 2058 1507 diversae
2081 1438 2117 1504 in
2140 1441 2230 1505 utro·

650 1584 717 1651 que
739 1563 834 1629 fonte
857 1561 1096 1630 declinationes
1119 1559 1320 1628 observatae
1343 1567 1431 1628 sunt
1466 1560 1545 1628 Jam
1567 1561 1791 1650 quaerendum
1815 1567 1897 1644 erat,
1920 1567 2030 1629 nuum
2052 1559 2233 1629 diversitos

649 1709 693 1755 ea
714 1685 875 1773 absorpto
897 1691 1026 1753 tantum
1049 1687 1218 1772 impariter
1240 1705 1261 1751 a
1282 1686 1428 1752 carmine
1451 1682 1554 1752 calori
1575 1684 1750 1753 tribuenda
1772 1692 1885 1770 esset,
1912 1708 1955 1754 an
1977 1683 2078 1754 simul
2099 1685 2234 1753 emisso·

763 1808 861 1892 Quod
884 1808 928 1876 ad
950 1808 1223 1895 cognoscendum
1245 1808 1313 1876 boc
1335 1809 1596 1896 experimentum
1617 1811 1753 1878 institui.
1798 1809 1838 1879 Si
1860 1811 2039 1878 carminum
2067 1806 2234 1877 adversus

651 1935 752 2025 pilam
775 1932 912 2021 iuligine
935 1933 1117 2000 obductum
1141 1939 1205 2018 est,
1228 1930 1333 2000 altera
1355 1939 1466 2003 autem
1489 1938 1584 2020 parte
1606 1955 1627 2000 a
1651 1931 1771 2002 caloris
1793 1932 1940 2001 lontibus
1958 1931 2234 2018 01001100,οοἀί-

650 2062 822 2127 nationum
844 2058 1034 2125 discrimina
1055 2056 1113 2123 illa
1135 2057 1193 2137 (cl.
1215 2081 1247 2145 p.
1262 2057 1320 2135 01)
1342 2056 1419 2124 iude
1441 2056 1548 2124 solnm
1571 2065 1762 2141 nascuntur,
1785 2057 1878 2146 quod
1897 2060 2078 2125 carminum
2093 2055 2236 2144 cylindri

651 2182 775 2252 caloris
797 2182 874 2270 plus
897 2175 1075 2264 absorbet,
1105 2202 1205 2267 quam
1230 2178 1393 2267 lampadis
1416 2181 1638 2267 Argandicae.
1685 2179 1850 2249 Carbonia
1872 2184 1957 2249 enim
1980 2181 2160 2250 emittendi
2184 2203 2236 2250 ce·

652 2308 757 2376 lorem
779 2304 939 2372 facultate
961 2303 1082 2371 nullam
1105 2306 1237 2370 omnino
1261 2305 1385 2371 scimus
1410 2305 1636 2372 diversitatem
1660 2304 1756 2373 effici.
1785 2307 1930 2372 Remota
1951 2313 2063 2373 autem
2087 2304 2236 2391 iuligine,

654 2432 703 2496 ita
725 2435 763 2495 ut
792 2429 971 2495 carminum
1000 2433 1035 2495 et
1063 2426 1184 2494 caloris
1212 2427 1297 2493 ionii
1325 2434 1361 2495 et
1387 2427 1472 2516 pilae
1501 2429 1679 2498 adversum
1706 2431 1770 2511 sit,
1805 2430 1869 2497 duo
1905 2431 2047 2515 cogitari
2083 2435 2237 2517 possum

655 2554 728 2620 Aut
756 2553 841 2617 enim
871 2551 1047 2619 discrimen
1074 2550 1173 2634 illud,
1202 2553 1232 2617 si
1261 2573 1335 2619 cum
1363 2551 1490 2619 directa
1514 2552 1733 2622 declinatione
1757 2555 2022 2640 comparaveris,
2051 2553 2145 2622 idem
2169 2561 2236 2623 est:

656 2683 725 2744 tum
755 2696 798 2742 ne
827 2676 861 2741 in
890 2676 1035 2740 carmine
1065 2673 1201 2761 quidem
1229 2675 1401 2742 emittendi
1429 2675 1571 2745 calorem
1600 2678 1744 2745 facultas
1773 2676 1953 2765 quidquam
1981 2675 2025 2743 ad
2059 2677 2238 2747 discrimen

655 2799 735 2867 illnd
756 2797 865 2883 valet3
888 2803 947 2865 aut
967 2803 1111 2864 mutatur
1137 2796 1237 2864 illud:
1257 2805 1327 2866 tum
1348 2797 1542 2868 facultatem
1564 2799 1654 2868 illam
1677 2804 1833 2885 caranico,
1856 2802 1999 2868 diversis
2021 2802 2126 2871 radiis
2148 2800 2234 2870 cale·

656 2927 766 3007 iacto,
807 2922 974 2990 diversam
1009 2926 1102 2991 esse
1122 2922 1382 2991 demonstratum
1417 2929 1480 2991 est.
1531 2925 1572 2990 V.
1600 2946 1629 2991 c.
1660 2932 1793 2993 auctum
1828 2925 2001 2994 discrimen
2034 2926 2233 2994 documento

659 3055 771 3130 esset,
802 3048 982 3112 carminum
1004 3068 1065 3132 pro
1089 3049 1218 3113 ratione
1240 3045 1358 3113 melius
1381 3049 1531 3115 emittere
1556 3047 1719 3131 calorem,
1748 3053 1778 3117 si
1804 3048 1961 3136 cylindri,
1992 3071 2097 3138 quam
2119 3053 2150 3118 si
2172 3051 2235 3117 Ar·

659 3171 821 3256 gundicae
843 3168 1008 3254 lampadis
1031 3167 1141 3235 calore
1169 3168 1354 3254 calefieret,
1384 3171 1503 3238 eodem
1530 3174 1600 3240 fere
1622 3172 1738 3256 modo,
1769 3195 1836 3261 quo
1860 3172 1949 3240 illum
1971 3173 2113 3260 melius,
2141 3195 2237 3262 quom

658 3291 747 3359 bunc
770 3289 942 3358 absorbet.

771 3415 869 3479 Prius
898 3422 1009 3480 antem
1037 3411 1118 3479 illud
1145 3436 1257 3481 verum
1289 3437 1384 3500 esse,
1419 3421 1623 3504 experientia
1658 3418 1906 3508 comprobatum
1936 3429 2001 3490 est
2049 3420 2236 3491 carminum

661 3539 747 3604 enim
782 3535 943 3604 adversus
975 3536 1078 3625 pilam
1112 3537 1247 3625 fuligine
1280 3545 1423 3622 tectum,
1458 3542 1488 3607 si
1520 3543 1619 3611 radiis
1646 3544 1856 3632 Argandicae
1889 3544 2055 3633 lampadis
2088 3547 2234 3636 petebat,

662 3682 758 3727 acum
781 3658 822 3724 ad
846 3656 936 3745 030,
961 3663 989 3726 si
1014 3661 1153 3747 cylindri
1176 3662 1290 3745 radiis,
1314 3661 1357 3728 ad
1381 3659 1495 3747 10387
1519 3665 1662 3734 deflexit
1705 3669 1891 3737 Discrimeu
1914 3673 2014 3758 igitur
2037 3669 2232 3755 00011307.

664 3783 850 3851 carminum
874 3804 956 3849 vero
984 3783 1121 3870 iuligine
1150 3807 1217 3854 non
1245 3791 1369 3852 tectum
1398 3786 1465 3857 illic
1494 3791 1633 3857 eandem
1661 3789 1731 3876 935
1762 3791 2031 3881 declinationem,
2060 3796 2117 3867 bic
2148 3795 2233 3882 1035

662 3908 783 3977 effecit
829 3905 927 3988 Quod
951 3907 1084 3993 quidem
1109 3906 1178 3991 130
1203 3907 1377 3978 discrimen
1400 3912 1529 3980 tantillo
1552 3919 1677 3981 tanturn
1703 3936 1723 3981 a
1745 3919 1854 4003 priore
1874 3920 1930 3987 illo
1954 3918 2093 4006 (1337)
2116 3922 2230 4005 differt,

660 4038 699 4098 ut
720 4032 827 4118 ipsius
851 4026 1094 4098 observationis
1118 4032 1219 4098 errori
1242 4031 1448 4101 tribuendum
1471 4038 1525 4103 sit.

770 4153 863 4219 ldem
885 4172 966 4218 vero
989 4154 1022 4217 in
1046 4151 1159 4220 charta
1181 4156 1274 4240 nigra
1298 4161 1456 4242 apparuit.
1505 4157 1598 4241 Quae
1620 4164 1650 4227 si
1672 4161 1833 4233 adversus
1854 4169 1956 4256 pilam
1978 4169 2120 4258 fuligine
2145 4178 2224 4240 tecta

664 4281 745 4359 erat,
768 4273 934 4363 lampadis
957 4273 1057 4340 radiis
1083 4273 1215 4360 10⁰,⁷n,
1238 4274 1374 4363 cylindri
1399 4279 1511 4367 10310
1536 4283 1788 4356 declinationem
1812 4291 1938 4381 effecit3
1966 4294 2104 4385 iuligine
2126 4304 2222 4366 auten

664 4413 733 4459 non
759 4402 851 4463 tecta
878 4396 944 4464 illic
975 4393 1108 4479 10360,
1136 4396 1189 4464 hic
1218 4394 1318 4479 9387.
1367 4402 1552 4493 Utrumque
1573 4429 1653 4475 vero
1682 4410 1874 4501 discrimen,
1901 4420 1935 4484 in
1963 4422 2075 4508 priore
2105 4423 2219 4512 experi-

665 4520 778 4581 mento
806 4517 914 4604 0360,
942 4523 975 4586 in
1003 4521 1192 4606 posteriore
1220 4517 1310 4602 ⁰·,7n
1340 4545 1413 4593 cum
1440 4528 1526 4596 idem
1550 4532 1595 4597 sit
1617 4529 1822 4622 babendum,
1851 4540 2072 4629 colligendum
2103 4555 2171 4633 est,
2195 4551 2220 4612 et

664 4637 740 4723 ipsa
762 4638 796 4701 iu
819 4637 931 4707 charta
953 4646 1047 4731 nigra
1070 4643 1215 4712 calorem
1238 4646 1409 4714 emittendi
1430 4650 1617 4723 facultatem
1641 4680 1660 4726 e
1688 4666 1804 4728 natura
1832 4662 1984 4754 absorpti
2013 4670 2139 4740 caloris
2165 4690 2219 4740 001·

665 4762 745 4828 uiuo
767 4780 833 4825 non
857 4762 1009 4845 pendere.
1055 4764 1268 4856 Conspectus
1290 4774 1410 4855 autem,
1434 4777 1492 4861 qui
1513 4781 1672 4865 sequitur,
1695 4793 1828 4869 praeter
1850 4811 1920 4877 eas,
1944 4793 1986 4861 de
2009 4796 2135 4884 quibus
2155 4793 2219 4872 diri,
2265 4802 2269 4810 '

667 4882 925 4953 observationes
948 4886 989 4953 ad
1014 4887 1170 4959 directam
1193 4889 1252 4958 35⁰
1283 4891 1534 4966 declinationem
1563 4908 1766 4987 pertinentes
1794 4910 1876 4983 olias
1904 4939 2042 5009 quoquc
2072 4923 2220 5002 continet,
