4634 5924
871 372 919 445 ll

101 595 197 667 calor
219 616 281 683 per
303 592 529 661 diatlrermann
557 614 700 680 corpora
727 597 903 678 transiret,
925 599 994 683 jam
1021 597 1159 681 primum
1188 594 1316 663 directa
1342 592 1550 681 singulorum
1579 594 1688 662 radia-

102 722 197 789 tiooe
219 718 338 787 eaden
359 721 393 785 in
416 716 801 805 tlrermomultiplicatore
830 717 1007 787 declinatio
1036 718 1208 787 efficienda
1236 720 1361 801 luerat,
1388 719 1582 804 priusquam
1611 738 1686 785 cor·

102 865 188 931 pora
214 842 269 909 illa
299 841 528 910 diathermana
559 844 645 910 inter
678 841 800 909 caloris
832 844 957 911 fontem
990 850 1027 911 et
1058 841 1156 929 pilam
1191 845 1356 929 interponi
1387 849 1540 928 possent.
1586 840 1686 925 Quod

104 967 240 1055 quidem
268 969 317 1033 ita
346 966 501 1034 effectum
532 972 603 1050 est,
631 972 668 1033 ut
695 967 770 1033 lons
793 968 866 1052 ipse
891 989 931 1033 eo
955 987 1063 1054 usque
1086 964 1141 1033 vel
1164 966 1396 1033 admoveretur
1418 965 1471 1031 vel
1494 986 1683 1032 removere-

102 1099 170 1175 tur,
194 1090 303 1159 donec
325 1092 518 1159 necessaria
540 1088 595 1156 illa
616 1092 650 1156 in
672 1088 926 1176 multiplicatore
951 1090 1129 1157 declinatio
1154 1092 1353 1157 exstitisset.

215 1215 311 1281 llaec
340 1237 422 1282 vero
449 1219 484 1280 in
512 1215 748 1300 experimentis
776 1212 956 1282 observata
983 1221 1070 1280 suut.
1122 1213 1163 1280 Si
1191 1212 1377 1300 superficiei
1406 1210 1590 1279 metallicae
1617 1233 1685 1280 uou

103 1345 218 1407 tectae
249 1336 341 1406 calor
368 1360 429 1425 per
458 1337 670 1425 diaphragma
699 1337 865 1424 quoddam
894 1339 1059 1404 transiens
1087 1337 1186 1425 pilam
1214 1340 1262 1403 ita
1288 1336 1464 1419 affecerat,
1494 1343 1530 1402 ut
1557 1335 1599 1402 ad
1623 1333 1684 1399 35·

104 1484 187 1529 acus
217 1460 415 1529 declinaret:
448 1464 535 1529 vitro
564 1460 680 1545 rubro,
717 1465 805 1547 1²·,5
829 1483 962 1544 crasso,
988 1467 1069 1547 post
1092 1460 1303 1548 diaphragma
1326 1460 1442 1527 eadem
1471 1468 1581 1547 parte,
1616 1482 1684 1549 qun

103 1584 402 1672 tlrermoscopium,
425 1584 605 1669 collocato,
628 1607 710 1652 acus
732 1584 774 1651 ad
800 1583 911 1669 10⁰,ar
935 1588 1085 1652 recessit.
1133 1583 1225 1668 Quae
1248 1584 1380 1673 quidem
1406 1580 1517 1665 10⁰,25
1543 1583 1686 1651 declina-

103 1710 153 1777 tio
175 1716 258 1776 nata
280 1715 335 1776 est
357 1731 376 1777 e
399 1709 510 1805 calore
532 1732 593 1796 per
614 1712 735 1776 vitrum
758 1714 960 1777 transeunte.
1003 1707 1136 1776 Eadem
1159 1729 1238 1775 vero
1262 1707 1381 1775 effecta
1405 1714 1470 1789 est,
1493 1709 1523 1773 si
1546 1707 1685 1775 metalli-

104 1854 171 1900 cae
193 1832 383 1920 superficiei
404 1833 494 1918 loeo,
517 1833 651 1919 liguum,
674 1833 912 1920 porcellanum‚
937 1832 1063 1919 charta,
1085 1832 1199 1919 loligo,
1223 1854 1370 1913 cerussa,
1393 1830 1448 1897 vel
1471 1829 1560 1897 aliud
1577 1831 1684 1919 quod-

105 1955 182 2024 dam
207 1980 328 2044 corpus
351 1960 385 2024 in
406 1958 505 2045 pilam
529 1956 725 2024 radiaverat.

217 2080 346 2149 Similia
369 2090 480 2148 autem
502 2084 536 2147 in
559 2084 681 2148 ceteris
704 2079 856 2147 omuibus
880 2080 1077 2169 corporibus
1100 2086 1334 2167 apparuerunt.
1379 2078 1418 2144 l'.
1435 2100 1466 2145 c.
1486 2080 1684 2165 interposito

104 2204 227 2292 spatho
251 2204 406 2287 calcario,
429 2205 521 2289 3¹·‚7
545 2228 674 2289 crasso,
701 2227 832 2291 semper
855 2204 897 2271 ad
922 2202 1013 2289 7⁰‚17
1037 2227 1118 2272 acus
1142 2203 1271 2270 dellexa
1295 2210 1359 2286 est,
1383 2204 1455 2269 sive
1478 2201 1605 2269 directa
1626 2200 1686 2268 illa

107 2326 167 2393 35‘
194 2328 371 2397 declinatio
401 2328 521 2395 metalli
551 2328 720 2409 calefacti,
755 2330 826 2395 sive
855 2328 956 2415 ligni,
989 2333 1061 2397 sive
1090 2326 1287 2416 porcellum,
1321 2330 1392 2394 sive
1421 2325 1557 2393 chartae
1565 2374 1576 2411 ,
1610 2328 1685 2393 sive

106 2456 253 2541 cujusvis
275 2452 361 2521 alius
385 2456 535 2540 corporis
557 2453 659 2520 radiis
683 2452 803 2520 effecta
826 2458 909 2521 erat.

216 2578 311 2663 Quae
334 2577 468 2665 quidem
491 2579 671 2644 consensio
696 2584 822 2665 quanta
844 2578 956 2660 luerit,
984 2579 1014 2643 si
1037 2575 1194 2643 adhibitis
1217 2578 1301 2642 vitro
1324 2574 1435 2659 rulrro,
1460 2577 1543 2641 vitro
1568 2596 1685 2641 coeru-

107 2700 173 2785 leo,
205 2700 366 2787 alumine,
395 2700 468 2769 sale
491 2723 657 2787 gemmae,
687 2700 808 2789 spatha
834 2701 988 2786 calcario,
1011 2724 1142 2788 gppso,
1170 2698 1260 2767 calor
1283 2698 1324 2765 alr
1348 2700 1499 2766 undecim
1523 2697 1686 2765 adiather-

107 2828 212 2894 mauis
242 2824 442 2913 corporibus
473 2828 616 2892 emissus
644 2828 866 2913 urvestigatus
895 2828 960 2911 sit,
989 2848 1136 2914 sequens
1164 2822 1279 2890 tulrula
1310 2822 1482 2904 ostendet,
1512 2820 1686 2889 mediose

106 2953 212 3018 ternis
237 2948 527 3018 observationibus
549 2972 707 3017 numeros
731 2952 914 3017 continens.

545 3540 677 3625 ,ἔξω
742 3568 767 3611 li·
811 3566 1153 3627 porum-lwpanncta
1202 3566 1273 3609 marr
1319 3579 1352 3607 no.
1416 3565 1454 3607 ui·
1542 3578 1563 3605 s·
1634 3572 1657 3602 n

545 3602 947 3717 {genuinumne
949 3627 1457 3735 nssMgrlarffi)

311 5056 433 5129 mm
548 5058 1474 5129 wwffiwwwfflfflwm
