4544 5918
823 372 871 461 79

741 469 950 499 ——r

171 596 387 665 iou-nerum
409 595 487 665 inde
508 602 665 684 apparet,
693 596 851 663 caloris
877 597 916 662 iu
939 595 1094 662 diliana
1116 594 1358 664 reflexione
1377 598 1632 665 mutationes

55 740 137 792 uon
159 722 285 797 miuus
307 720 493 809 pendero
517 744 535 789 e
559 720 715 788 caloris
736 722 926 804 fontium,
957 741 1072 808 quam
1097 722 1366 807 exipsorum,
1389 742 1495 809 quae
1518 720 1632 788 illum

58 844 302 926 reflectunt,
326 865 540 933 corporum
563 851 719 911 natura.

171 967 323 1055 Quocum
346 974 381 1036 ct
402 967 482 1035 illud
504 971 714 1055 conjunctum
737 973 806 1049 est,
833 967 924 1055 quod
947 965 1070 1035 caloris
1092 966 1276 1053 radiorum,
1305 968 1517 1056 quiquidem
1541 991 1561 1035 a
1584 969 1632 1036 di-

56 1096 167 1162 versis
188 1089 385 1181 corporibus
400 1091 515 1185 collexi
529 1099 626 1176 suut,
648 1096 781 1158 mutuae
796 1089 1038 1179 quodammodo
1054 1092 1201 1159 rationes
1216 1097 1390 1159 mutantur.
1422 1093 1634 1180 Argandicae

58 1217 193 1307 quidem
213 1215 379 1304 lampadis
401 1214 490 1283 calor
517 1218 547 1283 si
569 1238 589 1283 a
611 1218 754 1284 carmiuo
778 1216 957 1284 reflectitur
978 1236 1039 1303 pro
1062 1215 1190 1283 ratione
1212 1217 1320 1284 miuus
1337 1215 1437 1302 bene,
1460 1239 1559 1305 quam
1575 1219 1633 1306 qui

58 1364 82 1411 a
107 1364 220 1430 panno
251 1342 444 1433 sammetico
476 1338 553 1407 albo
583 1342 730 1427 rejicitur
758 1361 819 1428 per
847 1361 989 1427 gypsum
1011 1340 1147 1424 transit3
1181 1338 1298 1426 plutini
1325 1348 1435 1409 autem
1458 1340 1631 1410 candentis

57 1465 153 1550 radii,
178 1463 222 1531 ab
245 1464 362 1532 iisdem
384 1460 450 1530 illis
474 1461 670 1551 corporibus
692 1464 834 1548 remissi,
857 1484 917 1552 per
939 1484 1080 1551 gypsum
1104 1464 1227 1550 pariter
1248 1472 1429 1552 permeant.
1456 1467 1632 1533 Postremo

60 1587 224 1658 alcobolis
256 1588 406 1688 dammae
440 1585 532 1655 calor
564 1611 586 1654 a
614 1589 759 1654 carmiuo
787 1584 931 1654 reflexus
959 1587 1093 1672 mcbus,
1128 1610 1228 1676 quam
1255 1610 1276 1654 a
1301 1610 1410 1676 pauno
1440 1592 1635 1658 sammctico

58 1712 138 1783 albo
160 1735 222 1801 per
241 1733 384 1800 gypsum
407 1713 646 1779 transmittitur.
677 1711 768 1779 Idem
789 1734 869 1780 vero
891 1710 1029 1799 paribus
1050 1711 1183 1799 quidem
1202 1712 1448 1782 conditionibus
1471 1716 1505 1782 iu
1526 1735 1634 1801 gypso

60 1844 101 1905 ct
121 1836 200 1905 lanu
220 1833 299 1907 albu
319 1833 526 1905 observatur.

172 1961 207 2025 A
228 1959 345 2027 tuileto
367 1965 478 2026 autem
502 1957 601 2028 rubro
624 1966 660 2027 et
682 1982 784 2046 cupro
808 1958 956 2044 oxydato
980 1957 1126 2028 reflexus
1142 1960 1304 2048 lampadis
1319 1960 1528 2047 Argaudicae
1545 1960 1636 2030 calor

60 2086 235 2171 impariter
258 2105 320 2173 per
347 2083 497 2152 aluminis
523 2083 669 2151 tabulam
698 2085 830 2168 trausit3
863 2083 981 2171 plotini
1008 2106 1087 2153 vero
1118 2084 1292 2153 candentis
1319 2086 1416 2169 radii,
1446 2085 1487 2153 'nb
1516 2084 1636 2154 iisdem

63 2206 261 2296 corporibus
282 2207 415 2292 rolleni,
437 2210 509 2293 pari
531 2211 668 2275 ratione.

173 2331 267 2418 Quae
290 2331 426 2420 quidem
449 2330 602 2419 exempla
623 2330 728 2415 illam,
752 2330 795 2398 de
817 2352 883 2419 qua
899 2331 999 2399 modo
1017 2332 1175 2417 diximus,
1198 2355 1269 2401 ram
1283 2337 1367 2403 satis
1381 2333 1635 2417 illustraveriut3

64 2457 181 2526 cadem
213 2478 294 2524 vero
327 2455 476 2522 similitor
502 2459 536 2522 iu
565 2456 636 2524 aliis
666 2454 865 2524 substantiis
895 2455 1144 2526 reflectentibus
1174 2457 1314 2548 aliisque
1340 2463 1374 2527 in
1404 2459 1639 2529 diatbermauis

64 2578 264 2668 corporibus
288 2579 466 2648 observata
489 2586 551 2648 est.

834 2987 874 3055 ll.

175 3167 253 3236 lam
275 3163 341 3232 boo
364 3170 534 3252 postremo
550 3164 628 3232 loco
644 3165 911 3254 investigandum
928 3171 1017 3250 crat,
1040 3188 1116 3232 uum
1133 3188 1172 3234 ca
1188 3187 1347 3254 corpora,
1372 3186 1457 3255 quae
1474 3167 1641 3236 candem

63 3293 143 3360 vim
170 3292 203 3359 iu
224 3289 437 3376 Argaudicae
460 3288 621 3376 lampadis
644 3291 756 3358 radios
780 3296 956 3376 exercent,
986 3290 1018 3356 b.
1043 3312 1072 3357 e.
1096 3312 1183 3380 quae
1205 3292 1251 3357 ita
1272 3289 1359 3358 illum
1381 3291 1576 3377 reflectunt,
1603 3299 1642 3360 ut

67 3415 159 3484 calor
187 3412 229 3482 ab
258 3436 323 3481 uuo
353 3412 502 3482 alterove
531 3418 676 3505 roJcctus
705 3415 823 3482 eadem
850 3437 984 3503 semper
1011 3418 1139 3483 ratione
1166 3438 1227 3503 per
1253 3414 1477 3483 diatbermaua
1500 3438 1642 3503 corpora

66 3546 231 3622 transeat,
261 3545 445 3607 ceterorum
475 3561 609 3629 quoque
637 3540 776 3608 loutium
806 3539 948 3608 calorem
970 3541 1017 3606 ita
1040 3540 1266 3625 reflecterent,
1295 3547 1332 3607 ut
1354 3539 1396 3606 ab
1419 3543 1502 3629 ipsis
1525 3542 1642 3627 rejecti

67 3665 147 3731 radii
171 3665 295 3752 pariter
316 3665 403 3731 iuter
424 3686 464 3732 se
486 3666 550 3751 ipsi
573 3686 633 3750 per
656 3685 796 3750 corpora
819 3663 877 3730 illa
899 3671 1117 3753 permeareut

175 3787 232 3857 Ad
261 3787 350 3877 quod
378 3796 511 3877 practer
538 3788 724 3877 lampadem
746 3787 970 3874 Argaudicum
999 3791 1099 3858 etiam
1122 3788 1248 3878 plutino
1271 3787 1452 3875 candente,
1480 3787 1642 3856 alcobolis

71 3914 199 3982 damme
226 3919 262 3982 et
288 3912 441 4001 cylindro
470 3912 632 3981 calefacto
661 3934 743 3981 usus
770 3934 859 3996 sum,
888 3911 1045 3982 adhibitis
1073 3913 1116 3981 ad
1137 3913 1348 3982 reflexionem
1368 3915 1409 3982 iis
1433 3911 1640 4001 corporibus,

74 4060 210 4128 quorum
238 4036 390 4127 aequalis
417 4039 501 4106 ratio
526 4059 600 4105 oum
621 4036 783 4125 lampadis
805 4036 906 4105 radiis
929 4040 1107 4126 praecipue
1130 4037 1306 4126 singularis
1328 4038 1406 4105 mibi
1428 4039 1501 4105 visa
1522 4036 1640 4103 luerat.

178 4163 285 4232 ludex
307 4169 418 4231 autem
440 4184 587 4251 sequens
608 4183 669 4230 eos
685 4164 836 4230 continet
850 4184 1022 4248 numeros,
1046 4163 1101 4252 qui
1116 4165 1150 4231 in
1165 4151 1366 4251 lampadis
1388 4158 1643 4248 drgaudieae

81 4287 194 4357 caloris
225 4286 269 4357 ab
299 4286 366 4357 illis
395 4286 512 4356 rederi
537 4289 679 4355 transitu
707 4310 767 4375 per
794 4289 912 4355 vitrum
942 4287 1077 4356 rubrum
1107 4296 1142 4358 et
1171 4287 1377 4372 coeruleum,
1410 4284 1554 4368 alumen,
1590 4280 1643 4352 sal

84 4431 239 4499 gemnae,
262 4409 415 4502 spetlum
439 4411 633 4498 calcarium,
656 4433 798 4502 gypsum
822 4412 992 4483 observati
1014 4420 1101 4482 suut
