4544 5918
1396 347 1445 418 24

503 606 507 614 ·
628 573 685 659 qui
715 571 856 637 candem
884 566 943 633 35⁰
974 569 1228 636 declinationem
1263 569 1421 636 directam
1457 569 1585 652 effecit,
1620 572 1667 636 ita
1697 570 1911 654 adlribelram,
1944 577 1981 636 ut
2009 572 2043 636 in
2072 568 2209 637 laminae

628 701 755 782 partem
781 697 924 761 carmino
949 700 1073 760 tectam
1097 692 1252 774 radiaret,
1275 700 1394 760 nactus
1418 716 1491 760 sum
1519 689 1633 777 10⁰,87
1657 693 1919 761 declinationem.

739 817 801 886 Sin
826 824 934 885 autem
958 816 1078 882 lamina
1111 854 1147 868 -·
1179 815 1298 882 eodem
1322 823 1399 883 ante
1422 816 1520 905 pilam
1544 817 1621 885 loco
1650 852 1695 864 —
1723 840 1790 884 non
1817 822 1982 901 carmiuo,
2011 819 2074 891 sed
2099 818 2212 886 charta

628 945 723 1029 nigra
748 942 895 1009 obducta
920 950 1002 1023 erat,
1027 961 1109 1007 acus
1133 942 1321 1026 magnetica
1344 940 1566 1009 calefactione
1587 941 1675 1008 illius
1698 965 1758 1029 per
1780 942 1966 1028 lampadem
1989 943 2212 1029 Argandicam

627 1067 670 1133 ad
697 1065 824 1150 lum,
846 1088 908 1152 per
931 1063 1115 1151 cylindrum
1138 1066 1181 1131 ad
1206 1064 1322 1149 10⁰,1a
1341 1064 1535 1133 declinavit.
1992 1043 1995 1047 ’

736 1189 831 1276 Ergo
857 1191 1036 1255 carminum
1058 1188 1221 1276 lampadis
1244 1190 1409 1258 radiorum
1432 1223 1475 1237 --
1498 1191 1529 1255 si
1549 1191 1706 1255 rationem
1729 1189 1964 1257 observaveris
1986 1226 2030 1238 -—
2053 1193 2211 1258 minorem

627 1319 757 1403 copiam
788 1312 966 1397 absorbet,
995 1336 1095 1402 qnam
1121 1313 1262 1400 cylindri
1285 1315 1328 1380 ad
1351 1311 1465 1382 80⁰R.
1491 1312 1652 1381 calefacti.
1698 1314 1822 1381 Verum
1845 1313 2017 1381 in-clrarta
2040 1316 2138 1400 nigra
2160 1337 2211 1382 res

626 1439 723 1527 plane
747 1440 911 1505 contraria
939 1441 1099 1525 apparuit
1138 1492 1141 1497 Α

737 1565 852 1649 Atque
875 1563 959 1630 haec
984 1562 1117 1650 quidem
1143 1584 1161 1628 e
1184 1564 1329 1628 numeris
1352 1560 1573 1648 sequentibus
1597 1561 1760 1640 (binarum
1779 1561 2051 1629 observationum
2067 1562 2210 1645 mediis),

628 1689 685 1773 qui
709 1686 751 1753 ad
779 1690 936 1774 mojorem
968 1687 1132 1774 quandam
1163 1686 1322 1753 directam
1354 1684 1608 1752 declinationem
1635 1688 1819 1773 pertinent,
1854 1689 2064 1755 manifestius
2093 1686 2210 1754 intelli-

736 3054 819 3123 Cum
842 3057 942 3141 igitur
965 3055 1149 3121 secundum
1171 3057 1316 3140 priorum
1339 3061 1525 3142 temporum
1548 3052 1845 3139 observationes&
1868 3059 1938 3124 fere
1961 3080 2096 3145 semper
2120 3057 2206 3126 calo·

624 3183 671 3248 ris
693 3179 786 3262 radii,
811 3200 830 3244 e
853 3175 1002 3245 fontibus
1025 3179 1160 3244 minoris
1183 3184 1428 3266 temperaturae
1453 3179 1576 3263 emissi,
1600 3200 1740 3267 corpora
1762 3178 1882 3248 melius
1905 3181 2094 3252 calefacere
2116 3183 2207 3250 vide-

624 3310 750 3385 rentur,
773 3324 871 3388 quam
895 3303 952 3388 qui
973 3307 1098 3391 majore
1121 3306 1346 3388 temperatura
1370 3305 1516 3370 exirent:
1533 3306 1603 3391 jam
1626 3303 1678 3370 leis
1702 3308 1938 3391 experimentis
1961 3312 2055 3374 certo
2073 3307 2205 3375 demon·

623 3434 766 3497 stratum
783 3433 848 3508 est,
872 3425 1193 3491 calefactionem
1217 3424 1346 3509 illam,
1369 3430 1406 3494 si
1430 3425 1588 3514 quidem
1613 3426 1727 3495 color
1748 3429 1916 3497 radians
1939 3432 2205 3499 caudem'vim

622 3557 663 3620 iu
690 3551 1041 3636 thermoscopium
1078 3552 1331 3633 exercuerit,
1363 3552 1600 3638 neutiquam
1632 3573 1651 3618 e
1681 3553 1810 3621 fontis
1837 3555 2020 3642 pendere
2050 3564 2205 3646 tempe-

623 3682 781 3758 ratura,
810 3674 889 3742 scd
911 3676 1028 3740 unice
1051 3693 1101 3739 cx
1123 3674 1303 3760 ipsorum
1326 3694 1541 3761 corporum
1564 3681 1726 3761 natura,
1757 3680 1910 3767 quippe
1937 3702 2040 3769 quae
2063 3690 2205 3752 certos

622 3800 816 3890 quosdam
839 3797 993 3865 caloris
1017 3796 1161 3865 radios
1184 3795 1278 3864 aliis
1299 3797 1468 3867 facilius
1491 3801 1716 3886 accipiant.

734 4171 841 4255 Quam
864 4189 945 4235 vero
968 4170 1033 4235 vim
1058 4167 1300 4234 crassitudo
1324 4189 1511 4256 corporum,
1535 4170 1657 4240 caloris
1680 4176 1908 4260 expositorum
1927 4176 2041 4263 radiis,
2064 4181 2098 4246 in
2113 4183 2203 4268 ipso-

623 4316 695 4362 rum
725 4294 979 4362 calefactionem
1009 4297 1201 4374 exerceret,
1229 4290 1401 4380 hucusque
1431 4296 1561 4362 omniuo
1586 4298 1643 4363 vix
1665 4299 1898 4387 investigatum
1924 4309 1986 4370 cst.
2032 4306 2202 4374 Lcslius

625 4417 758 4505 quidem
782 4416 993 4502 observavit,
1021 4413 1155 4483 metalla
1178 4415 1331 4484 diversae
1354 4418 1586 4487 crassitudinis
1608 4423 1732 4508 pariter
1748 4423 1791 4510 ¹),
1819 4423 1950 4511 ligneas
1973 4433 2083 4497 autem
2108 4431 2203 4500 tabu-

736 4715 2202 4798 &mmmAmmwmmmfflnfflmwhw-fflmmmwpffi-

621 4821 761 4887 harad.
779 4822 878 4873 Amal.
895 4823 1007 4885 xxxv,
1025 4820 1086 4878 did.
1116 4825 1180 4887 un,
1197 4820 1259 4876 ΛΗ.

734 4927 757 4993 ⁸)
782 4930 822 4978 an
842 4929 970 4992 experire.
989 4926 1041 4994 inq.
1061 4931 1119 4982 into
1137 4933 1182 4982 tic
1200 4935 1256 4983 nt.
1275 4934 1326 4984 ond
1345 4944 1456 4999 propag.
1476 4936 1506 4986 of
1521 4938 1590 4987 lent.
1609 4952 1634 5001 p.
1648 4935 1707 4990 112.
1727 4937 1805 5004 (Eup.
1823 4941 1902 5005 xlc).
