4634 5924
1132 388 1262 499 or·

478 612 600 700 blaguo
623 619 734 680 autem
756 612 816 681 illo
839 633 948 680 rerum
971 610 1224 680 observatorum
1247 632 1418 680 consensu
1440 612 1644 680 adducemur
1665 609 1885 695 hauddubie,
1909 620 1948 680 nt

368 761 444 810 cam
470 736 718 825 comprobatam
745 758 942 805 censeamus
964 739 1179 821 senteutiam,
1209 758 1308 824 quam
1330 739 1365 804 iu
1386 738 1480 804 initio
1503 736 1733 804 demonstrare
1754 735 1948 805 studebam:

368 887 407 932 re
427 885 506 931 vera
526 861 602 929 illes
625 860 727 929 calori
751 861 870 930 diffuse
893 861 1019 929 reflexo
1042 861 1237 929 tribuendas
1259 882 1358 945 esse,
1380 881 1490 948 neque
1512 884 1592 928 vero
1616 860 1724 928 aliena
1747 861 1890 949 quadem
1913 869 1948 931 et

367 986 521 1055 sensibili
543 986 720 1053 affectione
741 985 868 1052 turbari
890 986 944 1072 (p.
966 989 1019 1052 57.
1043 986 1123 1065 58.).

476 1111 513 1179 ln
535 1117 686 1178 extrema
709 1132 791 1177 vero
821 1109 1056 1197 disquisitione
1080 1132 1124 1177 ex
1146 1111 1263 1197 impari
1284 1110 1474 1177 reflexionis
1499 1112 1531 1177 vi
1553 1113 1687 1196 cognita
1709 1118 1763 1178 est
1784 1115 1948 1180 contraria

368 1235 417 1302 illi
438 1234 611 1323 absorptio
635 1232 804 1302 eclectica.
852 1234 947 1318 Quae
969 1256 1052 1303 sone
1074 1256 1142 1302 nou
1166 1237 1273 1301 minus
1296 1233 1514 1301 calefactione
1539 1234 1758 1301 demonstrari
1779 1239 1949 1322 potuisset

369 1381 546 1447 corporum
573 1356 695 1427 caloris
721 1357 871 1426 fontibus
899 1361 1128 1446 expositorum
1135 1406 1146 1440 ,
1175 1358 1209 1425 id
1239 1357 1329 1447 quod
1358 1379 1402 1425 ex
1429 1357 1497 1424 illis
1524 1357 1568 1425 de
1597 1362 1741 1426 carmine
1770 1367 1805 1427 et
1833 1359 1949 1427 charta

368 1487 463 1571 nigra
491 1483 605 1551 elucet
632 1481 923 1553 observationibus
950 1486 1005 1569 (p.
1023 1485 1102 1563 tt).
1148 1482 1336 1550 carminum
1365 1485 1451 1549 enim
1479 1481 1681 1560 (secundum
1708 1486 1853 1570 priorem
1881 1484 1949 1552 dis-

367 1608 594 1696 quisitionem)
616 1607 777 1694 lampadis
791 1606 1005 1694 Argandicae
1026 1607 1128 1675 radiis
1150 1610 1259 1674 minus
1279 1606 1406 1690 calefit,
1430 1628 1529 1695 quam
1544 1605 1701 1693 cylindri,
1725 1606 1841 1675 charta
1855 1611 1948 1695 nigra

369 1734 593 1800 econtrario.
638 1731 734 1800 llaec
757 1754 839 1799 vero
861 1733 1042 1799 novissima
1070 1734 1299 1820 experimenta
1326 1734 1379 1818 (p.
1396 1731 1468 1812 89.)
1497 1731 1733 1814 ostenderunt,
1759 1734 1948 1799 acarmino

368 1855 530 1942 lampadis
553 1855 696 1923 calorem
719 1859 844 1946 maJore
865 1858 898 1922 vi
920 1855 1066 1938 reflecti,
1089 1879 1188 1943 quam
1211 1855 1365 1943 cylindri,
1388 1862 1505 1922 contra
1527 1878 1547 1921 a
1569 1854 1685 1922 charta
1702 1858 1796 1942 nigra
1810 1856 1950 1943 cylindri

367 1980 482 2049 radios
510 1984 633 2070 maJore
654 1982 706 2064 vi,
736 2002 834 2067 mam
856 1978 1027 2066 lampadis
1050 2013 1094 2027 -
1117 1979 1271 2047 llctlexio
1293 1986 1405 2046 autem
1427 1979 1552 2046 idcirco
1576 1983 1707 2066 potius,
1735 2002 1834 2066 quam
1860 1982 1949 2049 cale-

370 2107 473 2172 factio
503 2104 735 2185 adhibebatur,
765 2103 855 2191 quod
884 2126 950 2171 non
979 2104 1086 2172 solum
1116 2104 1259 2172 celerius
1281 2103 1456 2173 observari
1477 2110 1614 2191 posset,
1641 2104 1826 2171 sedetiam
1849 2104 1949 2171 -id

371 2229 460 2315 quod
493 2251 513 2296 e
544 2231 690 2296 numeris
723 2231 924 2316 comparatis
955 2253 987 2315 p.
1016 2231 1067 2294 it.
1096 2235 1132 2296 et
1164 2252 1196 2316 p.
1225 2229 1279 2294 89.
1308 2228 1419 2295 elucet
1447 2267 1487 2278 -
1517 2232 1674 2317 majorem
1704 2227 1948 2315 disquisitionis

369 2351 584 2420 subtilitatem
608 2351 796 2440 praeberet.

479 2478 556 2545 lam
590 2499 634 2545 ex
668 2476 895 2564 absorptionis
923 2475 1163 2564 phoenomenis
1191 2480 1243 2565 (p.
1273 2478 1327 2542 23.
1357 2476 1432 2556 tt)
1461 2474 1574 2562 colligi
1603 2482 1756 2563 poterat,
1791 2477 1949 2545 caloris

370 2602 632 2669 diffusionem
662 2604 835 2671 afontis
861 2607 1140 2688 temperatura
1169 2623 1246 2668 non
1269 2600 1463 2688 pendere.
1512 2599 1610 2684 Quod
1633 2601 1767 2690 quidem
1790 2604 1864 2687 ipsa
1888 2602 1948 2667 dif-

368 2729 501 2794 fusione
523 2728 724 2812 investigata
747 2729 793 2794 ita
816 2724 1066 2814 comprobatum
1090 2731 1162 2809 est,
1184 2733 1222 2793 ut
1240 2729 1310 2814 jam
1332 2747 1400 2794 non
1421 2723 1563 2811 amplius
1586 2724 1785 2793 dubitationi
1801 2722 1830 2804 ¹)
1852 2724 1947 2793 locus

367 2852 476 2918 fuerit

477 2977 657 3043 Praeterea
693 2997 773 3042 vero
809 2976 983 3042 manifesto
1014 2974 1275 3042 demonstratum
1303 2981 1375 3057 est,
1409 2972 1533 3041 nullum
1562 2995 1701 3060 corpus,
1737 2972 1883 3041 carbone
1913 2984 1945 3041 et

370 3097 509 3166 metallis
540 3102 710 3187 exceptis,
739 3100 804 3166 dici
832 3121 934 3186 posse
963 3097 1082 3166 melius
1112 3098 1166 3166 vel
1195 3098 1340 3166 deterius
1362 3120 1461 3186 quarn
1485 3095 1572 3164 aliud
1594 3097 1765 3165 reflectere
1789 3097 1946 3181 calorem,

370 3226 524 3313 quoniam
548 3223 633 3292 haec
657 3226 741 3291 ratio
765 3245 832 3290 uua
855 3244 930 3290 cum
953 3223 1055 3292 fontis
1079 3223 1191 3291 calore
1214 3229 1367 3291 mutatur.

999 3437 1045 3446 ..-

477 3596 678 3663 Discrimina
705 3601 836 3680 autem,
867 3594 909 3663 de
937 3594 1061 3682 quibus
1089 3595 1188 3661 modo
1218 3593 1378 3678 diximus,
1406 3593 1528 3663 caloris
1556 3594 1676 3662 diffuse
1702 3594 1818 3662 reflexi
1847 3595 1946 3682 plane

368 3726 448 3789 suut
471 3718 590 3787 similia
612 3722 669 3803 iis,
695 3742 782 3808 quae
805 3721 892 3787 inter
915 3742 954 3789 se
976 3718 1171 3788 visibiles
1193 3718 1297 3787 rodii
1327 3718 1446 3787 diffuse
1469 3720 1585 3787 reflexi
1607 3717 1779 3805 praebent
1826 3716 1946 3803 Quam-

368 3866 468 3936 quam
489 3848 560 3934 jam
582 3842 894 3925 Herschelius')
919 3850 954 3912 et
975 3840 1238 3923 blellonius')
1260 3850 1475 3929 monuerunt,
1498 3841 1718 3910 visibilium
1742 3843 1945 3910 radiorum

367 3968 640 4038 reflexionem
663 3991 749 4036 cum
773 3967 908 4037 calore
932 3967 1091 4038 reflexo
1113 3991 1192 4037 nou
1214 3991 1454 4057 congruere.

477 4096 593 4181 Atque
613 4093 680 4162 boc
701 4093 833 4182 quidem
851 4094 1119 4183 disquisitiones,
1142 4116 1228 4182 quas
1243 4093 1391 4178 exhibui,
1415 4095 1587 4181 copiosius
1601 4096 1649 4163 ita
1664 4093 1945 4181 demonstrarunt,

365 4226 406 4285 ut
435 4214 672 4302 ostenderent,
701 4224 795 4287 certo
822 4240 980 4306 corpora,
1010 4240 1098 4307 quae
1119 4239 1186 4287 uuo
1211 4220 1399 4308 eodemque
1422 4218 1534 4289 colore
1557 4218 1654 4289 oculo
1679 4239 1756 4288 esse
1779 4217 1946 4304 videntur,

373 4423 542 4434 ιι.-

476 4556 497 4620 Ι)
520 4557 672 4609 ttelfost
701 4557 799 4609 Asnsl.
823 4557 857 4609 ele
873 4556 957 4610 chin.
977 4561 1007 4609 et
1022 4558 1062 4618 ¹de
1078 4558 1161 4623 Phys.
1180 4559 1289 4620 ων,
1312 4554 1374 4611 3111.
1398 4574 1457 4624 sqq.
1479 4582 1513 4597 -
1530 4557 1669 4623 fouent.
1685 4557 1785 4610 Asssb
1804 4559 1867 4626 bn,
1884 4558 1945 4612 412.

476 4662 497 4726 ·)
519 4663 620 4716 butor.
638 4664 781 4715 franssct.
799 4661 831 4715 st
851 4665 896 4714 tte
918 4665 988 4728 noy.
1008 4664 1071 4716 Soc.
1090 4664 1123 4715 ot
1142 4664 1255 4718 Londos
1277 4666 1321 4718 tor
1344 4666 1389 4716 tbs
1412 4667 1441 4716 ἵ.
1468 4661 1543 4717 18⁰⁰.
1561 4667 1612 4716 No.
1630 4660 1673 4718 1⁹.
1691 4688 1727 4703 -
1745 4663 1830 4717 etto.
1847 4669 1944 4719 Ausi.

364 4768 431 4837 xil,
448 4765 608 4822 ort-ort.

474 4879 500 4935 ⁸)
519 4872 618 4931 snut
636 4877 672 4928 ro
687 4874 771 4930 mun.
789 4881 818 4929 o
834 4877 869 4928 rs
885 4877 969 4941 slyr.
988 4877 1098 4943 mu,
1114 4873 1176 4932 oar.
1194 4892 1254 4944 sqq.
1272 4902 1307 4918 -
1324 4873 1777 4944 emmerammum
1800 4877 1866 4940 nur,
1883 4874 1945 4931 57⁷.

364 4978 524 5036 hdo-583.
543 5008 576 5021 -
596 4985 695 5035 Dore's
712 4985 822 5048 aspero.
840 4984 888 5050 lv,
905 4977 1065 5038 ddi-ddi.

1524 5096 1581 5160 12·
