4544 5918
1455 362 1581 470 ro¹

1373 464 1419 472 ...-

681 586 759 653 inde
782 585 859 652 mihi
882 607 949 654 non
972 587 1058 652 satis
1079 586 1259 653 retotntom
1288 603 1368 652 0000
1395 585 1586 669 videretur,
1613 591 1872 672 temperaturam
1901 583 1944 652 ad
1973 582 2097 652 caloris
2120 606 2184 672 per
2206 584 2270 652 dis·

681 710 854 778 thermana
878 731 1020 797 corpore
1042 709 1330 776 transmissionem
1351 707 1464 777 valere
1487 707 1630 796 aliquid,
1653 719 1788 794 operam
1812 708 1888 776 dedi
1911 707 2085 797 equidem,
2108 715 2149 775 nt
2173 730 2271 796 expe·

682 836 830 901 010000110
854 832 1070 933 instituendis
1092 830 1180 898 illam
1204 834 1438 919 quaestionem
1462 831 1692 921 dijudicarem:

838 1006 841 1014 .
893 979 983 1024 num
1020 972 1063 1025 re
1101 977 1199 1023 vera
1236 958 1343 1023 ratio
1381 955 1576 1044 quaedam
1613 959 1726 1023 inter
1764 956 1967 1024 radiorum
2005 955 2271 1041 facultatem,

895 1086 1009 1148 certa
1033 1081 1229 1167 quaedam
1259 1101 1434 1168 corpora
1461 1080 1725 1161 transeundi,
1755 1086 1796 1147 01
1829 1082 1978 1163 tontis,
2014 1103 2064 1149 ex
2094 1103 2180 1170 quo
2210 1103 2271 1148 ca·

894 1205 960 1273 lor
998 1205 1318 1291 proficiscitur,
1352 1211 1671 1293 temperaturam
1708 1207 1859 1272 sentiri
1894 1210 2021 1292 atque
2055 1204 2258 1273 observor

895 1335 1054 1417 posset

725 1530 728 1536 ¹
792 1455 879 1521 Post
907 1451 1131 1539 amplissimas
1163 1458 1273 1520 autem
1310 1452 1581 1541 disquisitiones,
1615 1474 1635 1518 a
1664 1451 1863 1521 11011οη10
1892 1455 1925 1519 10
1955 1454 2101 1521 maxime
2134 1453 2194 1522 div
2262 1487 2272 1512 a

684 1575 881 1664 corporibus
909 1579 1130 1664 sagacissime
1157 1579 1348 1661 institutas,
1384 1580 1442 1644 rix
1471 1576 1626 1664 equidem
1656 1598 1794 1664 sperare
1821 1578 1934 1663 potui,
1967 1577 2060 1663 iore,
2090 1583 2131 1645 nt
2159 1577 2264 1645 iisde

683 1700 842 1768 adhibitis
870 1700 1021 1769 lontibus
1049 1700 1111 1768 alia
1140 1703 1323 1769 invenirem
1353 1722 1512 1789 corpora,
1542 1723 1631 1789 quae
1658 1704 1692 1766 in
1716 1700 1828 1768 001000
1849 1700 2110 1769 transmittendo
2136 1701 2262 1770 eande

682 1823 885 1913 praeberent
907 1828 1067 1893 rationem
1091 1832 1194 1913 atque
1217 1824 1267 1892 sal
1290 1845 1441 1912 gemmae
1462 1824 1601 1911 iuligine
1623 1823 1816 1893 obductum.
1863 1823 1959 1907 Quae
1981 1846 2056 1891 cum
2077 1828 2127 1892 its
2150 1848 2247 1894 essen

682 1947 832 2018 faciliore
855 1953 909 2017 via
931 1950 974 2016 ad
996 1950 1094 2017 finem
1118 1949 1196 2015 mihi
1220 1952 1314 2016 risos
1336 1972 1409 2018 sum
1432 1951 1478 2017 ita
1502 1951 1693 2037 pervenire,
1723 1958 1760 2017 ot
1788 1971 1855 2017 non
1883 1956 1952 2017 tam
1976 1949 2271 2020 diathermanorom

683 2096 863 2162 corporum
886 2097 1044 2160 augerem
1068 2095 1247 2157 numerum,
1273 2095 1371 2161 quam
1395 2077 1509 2161 potius
1533 2073 1607 2141 aliis
1630 2072 1753 2141 caloris
1776 2074 1926 2143 fontibus
1950 2081 2072 2143 uterer.

1461 2383 1494 2455 1.

795 2555 833 2637 ln
855 2571 968 2658 primis
992 2575 1102 2636 autem
1127 2571 1364 2655 experimentis
1386 2567 1585 2637 adlribebam
1609 2571 1778 2656 platinnm'
1796 2569 1963 2654 candens,
1992 2569 2159 2639 alcoholis
2186 2572 2270 2639 dam

682 2719 783 2781 mam,
806 2693 992 2783 lampadem
1016 2691 1250 2779 Argandicam,
1274 2692 1513 2780 hydrogenium
1537 2693 1666 2762 ardeus.
2191 2668 2198 2677 ¹

793 2821 848 2888 Ac
870 2819 1031 2906 plotinum
1060 2817 1193 2905 quidem
1222 2850 1266 2862 —
1296 2817 1480 2885 secondum
1503 2816 1624 2885 Darii
1651 2820 1822 2885 inventum
1843 2816 1866 2897 Ι)
1893 2852 1937 2866 -
1967 2821 2041 2887 sine
2070 2819 2240 2887 flammai

684 2945 835 3012 candens
849 2942 1065 3023 servabatur,
1088 2946 1126 3008 ut
1140 2940 1230 3007 filum
1245 2946 1401 3026 taugeret
1415 2941 1578 3026 xylinum,
1601 2944 1731 3029 spiritui
1754 2945 1821 3009 vini
1843 2944 2032 3011 immersum
2054 2944 2159 3032 idque
2176 2947 2230 3032 spi
2261 2994 2264 3001 .

682 3071 755 3136 0010
778 3068 1006 3136 circumdaret
1032 3106 1069 3120 -
1095 3065 1244 3130 Flamma
1266 3064 1431 3132 alcoholis
1455 3064 1652 3151 ellychnium
1676 3065 1824 3134 habebat
1847 3074 2004 3135 accurate
2028 3071 2259 3138 circumcisum

684 3213 796 3277 neque
826 3213 969 3276 unquam
1000 3188 1269 3271 carbonescens,
1297 3191 1457 3255 insertum
1487 3188 1624 3276 liquori,
1655 3193 1711 3277 qui
1740 3192 1773 3256 in
1797 3190 1934 3259 vasculo
1958 3195 2066 3259 vitreo
2089 3195 2209 3260 100001

683 3314 833 3398 Lampas
867 3319 978 3378 autem
1009 3312 1216 3397 Argoudica,
1251 3315 1323 3399 pari
1357 3335 1491 3399 semper
1526 3312 1591 3380 0101
1625 3313 1819 3401 superlicio,
1854 3318 1972 3402 spiritu
2006 3318 2094 3383 atris
2130 3316 2271 3403 duplice,

685 3436 852 3523 ellychnio
877 3434 1072 3522 cylindrico,
1099 3435 1189 3503 nullo
1211 3438 1376 3504 instructa
1399 3444 1472 3505 erat
1494 3439 1634 3504 camino.
1657 3440 1902 3507 -Postremo
1926 3439 2122 3526 hydrogenii
2146 3442 2263 3509 tlamm

684 3582 730 3629 ex
751 3559 870 3627 tohulo
895 3558 1035 3627 ardebat
1057 3564 1253 3647 gasometri,
1282 3562 1326 3629 nd
1353 3562 1388 3628 id
1412 3566 1520 3649 ipsum
1545 3565 1747 3650 comparati,
1778 3585 1839 3651 gas
1866 3584 1975 3651 aequo
1998 3586 2133 3653 semper
2156 3586 2271 3654 pressu

684 3683 895 3754 effundentis.

796 3807 891 3892 Quos
914 3808 1034 3876 caloris
1057 3810 1171 3877 tontes
1193 3811 1411 3896 interipsum
1434 3812 1698 3897 experimentum
1723 3811 1861 3880 eosdem
1876 3833 2009 3901 semper
2025 3818 2060 3880 et
2075 3821 2272 3883 constante

682 3937 748 4004 sibi
778 3936 961 4017 mansisse,
990 3936 1244 4004 accuratissima
1272 3936 1530 4021 investigatione
1559 3937 1728 4022 cognitum
1756 3942 1820 4004 est.
1867 3934 1948 4005 Cum
1973 3959 2054 4005 vero
2077 3937 2123 4004 1111
2146 3947 2265 4006 10010

684 4059 839 4130 diversae
864 4059 1000 4146 originis
1024 4059 1125 4140 radii,
1156 4060 1212 4145 qui
1234 4061 1320 4126 inter
1343 4081 1382 4126 se
1405 4059 1618 4146 comparandi
1642 4067 1776 4143 essent,
1801 4063 1867 4129 rim
1890 4083 1985 4130 suam
2007 4065 2040 4128 in
2063 4061 2260 4133 thermosco

683 4185 774 4269 pium
795 4184 959 4254 deberent
980 4202 1154 4266 exserere,
1177 4183 1259 4250 radii
1281 4204 1326 4250 00
1348 4181 1435 4267 01110,
1459 4184 1556 4251 simol
1576 4186 1665 4252 torte
1689 4183 1864 4253 0010100110
1887 4183 2084 4272 corporibus
2107 4194 2266 4256 0000010

683 4306 867 4393 parietibus
890 4308 1066 4378 metallicis
1088 4307 1265 4394 laevigatis
1287 4306 1525 4379 retinebantur.

797 4431 955 4515 Quamvis
985 4441 1097 4504 autem
1126 4453 1183 4500 res
1211 4434 1257 4500 sit
1283 4404 1522 4517 incertissima,
1552 4431 1682 4501 illorum
1712 4433 1852 4500 fontium
1881 4439 2036 4501 00000010
2059 4437 2169 4502 metiri
2191 4444 2258 4503 tem

684 4565 894 4650 peroturom,
928 4561 1100 4629 tamenin
1131 4580 1173 4627 eo
1201 4557 1336 4646 quidem
1369 4560 1582 4626 consentient
1611 4555 1761 4646 physici,
1797 4564 2042 4646 temperaturae
2071 4559 2211 4647 gradum
2261 4594 2272 4618 ιῚ

670 4683 813 4785 Ι0101100
841 4681 972 4771 spirali,
1001 4684 1135 4770 qnando
1165 4679 1316 4752 rubescit
1344 4681 1533 4767 candendo,
1564 4684 1723 4751 minorem
1747 4706 1826 4754 esse
1850 4704 1948 4772 quam
1972 4686 2005 4751 in
2028 4683 2160 4753 tlamma
2182 4684 2257 4787 0100

956 4848 1107 4864 -ο-ῃ

692 4962 698 4971 ’
797 4954 819 5010 ¹)
843 4946 1074 5001 communicatum
1092 4959 1153 5000 eum
1171 4951 1291 5002 bordon.
1310 4951 1382 5013 noy.
1401 4953 1463 5003 800.
1482 4946 1604 5002 10023.
1623 4963 1648 5002 0.
1670 4947 1746 5004 1817.
