4544 5918
1468 367 1516 438 90

1387 463 1598 476 ——-

704 590 828 677 optime
850 590 1008 668 reiiectit,
1035 595 1105 656 tum
1128 589 1243 676 plotini
1265 590 1457 675 candentis,
1479 592 1606 657 minore
1628 592 1662 655 vi
1684 588 1845 657 aloclroiis
1867 589 2035 674 tiammne,
2059 589 2202 676 cylindri
2225 595 2271 657 mi

702 717 798 781 nima.
843 715 880 780 ln
909 735 977 801 quo
1006 713 1101 780 simul
1131 715 1329 781 contrarium
1355 714 1439 782 illud
1468 736 1667 802 expressum
1697 721 1767 782 est:
1796 737 1919 802 corpus
1948 714 2135 804 quoddam,
2164 737 2186 780 a
2216 737 2263 802 qu

703 837 849 905 rciiexns
879 837 988 920 calor,
1017 841 1047 906 si
1077 861 1150 906 cum
1180 837 1245 906 ulio
1275 845 1487 927 comparetur
1515 860 1672 926 corpore,
1702 841 1809 907 minus
1830 839 1917 906 bene
1939 840 2190 920 transmittitur,
2221 842 2271 907 Ar

703 963 864 1049 gaudiana
891 962 1056 1051 lampadis
1084 963 1197 1031 radios
1220 974 1281 1050 pr‘o
1305 966 1434 1031 ratione
1457 966 1490 1030 vi
1512 965 1661 1048 minima,
1689 962 1803 1051 plotini
1827 964 2001 1030 candentis
2023 962 2161 1045 melius,
2189 960 2267 1030 alcu

703 1086 788 1155 lrolis
810 1089 959 1155 ilammae
982 1090 1181 1175 majorevi,
1205 1086 1345 1175 cylindri
1368 1087 1510 1155 calorem
1532 1090 1676 1155 maxima
1698 1088 1872 1156 reflectere
1890 1085 1928 1167 ¹).

861 1211 934 1293 (Cf.
968 1233 1110 1299 pannum
1142 1215 1371 1279 sammeticum
1400 1211 1508 1278 aihum
1539 1220 1574 1278 et
1603 1216 1748 1298 nigrum,
1786 1234 1816 1299 p.
1842 1215 1894 1278 63.
1925 1218 1961 1279 ct
1988 1211 2060 1295 87.;
2103 1209 2265 1279 carbone

861 1336 1004 1422 ligneum
1040 1342 1075 1403 et
1106 1334 1284 1403 carbonem
1318 1335 1469 1404 fossilem
1496 1338 1695 1419 tertiarium,
1729 1359 1761 1423 p.
1786 1339 1838 1402 66.
1867 1342 1902 1403 et
1931 1336 1999 1420 88.3
2039 1337 2219 1403 carminum
2251 1358 2270 1402 c

863 1458 1011 1526 chartam
1035 1463 1180 1546 nigram,
1203 1484 1235 1548 p.
1253 1461 1305 1524 73.
1330 1467 1366 1526 ct
1387 1459 1458 1538 89.)

814 1585 844 1647 2.
883 1581 1013 1670 Corpus
1042 1585 1227 1670 quoddam,
1257 1563 1415 1650 unde'ita
1438 1583 1531 1651 calor
1553 1587 1713 1673 rejicitur,
1743 1590 1781 1650 ut
1803 1606 1862 1671 per
1886 1584 1949 1650 alia
1973 1605 2114 1672 corpora
2139 1582 2271 1649 diather

702 1728 800 1774 mana
825 1707 942 1774 meiius
964 1707 1020 1774 vel
1042 1711 1181 1795 pariter,
1209 1730 1270 1794 per
1294 1706 1356 1774 clia
1379 1710 1486 1774 minus
1508 1707 1596 1775 bene
1618 1730 1717 1794 quam
1740 1707 1783 1773 ab
1807 1706 1872 1775 alio
1897 1709 2039 1796 quodam
2064 1729 2209 1795 corpore
2232 1729 2270 1774 re

702 1833 825 1898 missus
846 1839 1006 1915 transeat,
1026 1835 1057 1899 si
1081 1855 1155 1898 cum
1179 1831 1283 1900 altero
1308 1835 1567 1918 comparaveris,
1591 1854 1677 1900 nunc
1700 1831 1799 1920 hujus
1821 1855 1909 1899 nunc
1932 1831 2020 1899 iliius
2041 1834 2148 1900 tontis
2172 1830 2260 1897 radii

702 1959 827 2045 majore
849 1960 881 2021 vi
904 1955 1057 2023 reiiectit

860 2078 927 2161 (cf.
952 2081 1101 2148 tulletum
1126 2080 1259 2147 rubrum
1283 2087 1317 2149 et
1339 2081 1494 2164 viridem,
1517 2104 1548 2167 p.
1567 2082 1617 2146 63.
1641 2087 1675 2147 et
1693 2081 1764 2165 87.;
1787 2078 1914 2147 iaceam
1935 2083 2061 2166 nigram
2080 2079 2266 2146 ettaffctu

860 2208 1001 2290 nigrum,
1026 2228 1059 2290 p.
1076 2208 1128 2271 66.
1153 2212 1189 2273 ct
1211 2206 1263 2271 88.
1271 2229 1281 2290 3
1304 2227 1446 2292 gypsum
1470 2211 1505 2273 et
1528 2227 1664 2289 cuprum
1688 2205 1887 2290 oxydatum,
1909 2227 1941 2291 p.
1960 2207 2011 2269 73.
2037 2211 2074 2270 et
2096 2206 2168 2283 89.)

812 2332 841 2393 3.
875 2329 951 2395 Duo
982 2351 1139 2417 corpora,
1168 2352 1254 2417 quae
1283 2333 1330 2396 ita
1358 2329 1502 2397 calorem
1529 2330 1720 2410 reiicctunt,
1749 2336 1785 2394 ut
1805 2351 1867 2416 per
1890 2328 2116 2394 diathermana
2140 2350 2264 2415 corpor

701 2456 824 2538 pariter
850 2460 1018 2538 permeet,
1048 2455 1147 2519 etiam
1173 2456 1319 2519 omnium
1340 2454 1480 2520 fontium
1504 2453 1614 2520 radios
1638 2451 1753 2520 eadem
1776 2474 1926 2540 semper,
1955 2475 2022 2540 qna
2046 2454 2144 2518 unius
2169 2454 2272 2520 iont'*

700 2579 816 2643 virium
839 2579 968 2644 ratione
991 2579 1151 2665 rejiciunt.

860 2692 935 2782 (cf.
964 2700 1106 2768 sericum
1135 2696 1306 2768 attalicum
1334 2696 1444 2767 album
1473 2706 1508 2767 et
1534 2701 1677 2786 nigrum,
1706 2724 1738 2788 p.
1762 2686 1827 2766 63)
1844 2705 1880 2766 ct
1902 2701 1973 2783 87.;
2011 2702 2137 2766 corium
2162 2701 2266 2766 iiavu

859 2832 895 2894 et
917 2826 1038 2893 alutam
1062 2827 1241 2894 Turcicam
1263 2827 1407 2908 luscam,
1440 2848 1473 2912 p.
1494 2828 1547 2891 ol.
1573 2831 1608 2892 et
1630 2824 1698 2907 88.;
1728 2831 1901 2910 argentum
1931 2836 1966 2891 et
1993 2824 2116 2890 serrum
2143 2827 2269 2911 nigrum

858 2974 890 3037 p.
911 2950 964 3015 80.
989 2957 1024 3018 et
1045 2948 1114 3030 89.)

811 3074 939 3160 Quodsi
967 3072 1047 3140 illud
1075 3070 1222 3157 additur,
1252 3073 1343 3161 quod
1370 3096 1430 3161 per
1457 3074 1577 3140 vitrum
1600 3072 1733 3138 rubrum
1757 3079 1792 3139 et
1816 3070 2023 3156 coeruleum,
2052 3070 2205 3156 alumen,
2234 3095 2264 3139 s,

701 3223 870 3288 gemmae,
896 3198 1051 3286 spathum
1076 3197 1272 3282 calcarium,
1295 3219 1439 3285 gypsum
1462 3198 1674 3283 Argandicae
1698 3195 1861 3283 lampadis
1885 3194 1977 3264 calor
1999 3199 2143 3283 optime,
2169 3193 2269 3286 platin

702 3323 876 3391 candentis
904 3325 1010 3388 minus
1040 3320 1144 3404 irene,
1178 3319 1342 3388 alcoholis
1371 3320 1520 3388 dammae
1551 3315 1653 3389 etiam
1679 3322 1804 3388 minore
1834 3324 1948 3409 eopia,
1983 3318 2123 3408 cylindri
2151 3322 2272 3388 minim

700 3450 950 3517 transmittitur:
974 3450 1044 3536 jam
1074 3445 1127 3512 liis
1155 3445 1318 3534 exemplis
1345 3442 1515 3530 omnibus,
1541 3448 1573 3512 si
1595 3444 1694 3512 simul
1717 3447 1800 3514 ratio
1823 3442 1965 3512 habetur
1986 3447 2109 3531 prioris
2132 3446 2262 3535 disputa

699 3576 801 3642 tionis
829 3575 880 3661 (p.
903 3573 955 3638 85.
980 3572 1070 3655 86),
1098 3571 1275 3638 manifesto
1306 3570 1557 3659 comprobatur:
1595 3569 1750 3637 caloris
1784 3572 1823 3635 in
1859 3570 2013 3636 diffusa
2049 3568 2272 3637 reflexion

698 3699 952 3766 mutationes
990 3693 1118 3763 solum
1158 3696 1275 3762 cilici
1314 3717 1528 3781 corporum
1566 3689 1877 3761 reflectentium
1917 3695 2035 3782 quasi
2074 3690 2253 3761 eclectio

700 3823 871 3913 quadam
900 3820 1104 3888 radiorum
1134 3814 1465 3905 absorptione').

702 3970 746 3978 ..-

811 4036 831 4101 ¹)
856 4037 897 4085 sb
921 4047 976 4085 uno
999 4035 1147 4097 eodemque
1165 4046 1283 4097 corpore
1300 4032 1419 4085 reiiexoc
1437 4036 1555 4098 quatuor
1573 4033 1682 4083 illorum
1701 4034 1803 4084 caloris
1822 4030 1933 4083 fontium
1951 4031 2042 4109 radios
2060 4045 2110 4094 per
2127 4044 2160 4083 66
2177 4028 2267 4095 quide

701 4155 861 4208 comparare
879 4155 933 4192 non
951 4132 1067 4204 licebat,
1083 4140 1149 4203 quic
1166 4138 1259 4191 tontes
1277 4138 1317 4191 1111
1334 4140 1374 4191 ite
1390 4136 1547 4204 praeparari
1566 4146 1621 4190 noli
1638 4142 1779 4202 poterant,
1796 4141 1841 4202 nt,
1860 4146 1920 4189 cum
1939 4141 2015 4188 certa
2032 4139 2166 4201 quaedum
2183 4150 2261 4188 nece

698 4251 773 4303 saria
789 4253 866 4301 esset
882 4246 1020 4310 positure,
1037 4256 1146 4307 semper
1163 4247 1258 4296 endem
1277 4240 1378 4296 coloris
1396 4244 1476 4308 copis
1493 4244 1526 4296 66
1544 4254 1648 4308 corpus
1664 4243 1810 4296 retinetene
1828 4243 1991 4307 perveniret.

808 4354 829 4416 ’)
855 4354 929 4404 Unde
946 4354 1052 4413 clucet,
1071 4365 1106 4401 ex
1124 4362 1157 4401 66
1175 4351 1215 4416 vi,
1238 4365 1293 4415 quc
1310 4363 1412 4420 corpus
1429 4350 1538 4414 aliquod
1557 4355 1650 4402 certos
1668 4348 1769 4401 coloris
1787 4351 1881 4401 rudior
1898 4351 2059 4416 absorbent,
2076 4364 2160 4414 posse
2177 4350 2265 4416 coliig

702 4472 771 4523 qrrne
793 4461 830 4510 sit
853 4458 954 4510 caloris
977 4459 1011 4509 61)
1035 4457 1085 4508 1116
1109 4457 1194 4508 certis
1217 4456 1419 4508 conditionibus
1443 4453 1542 4506 diffuse
1565 4454 1660 4506 reflexi
1682 4455 1760 4507 roilo.
1781 4481 1814 4494 -
1835 4460 1933 4507 Notum
1956 4461 2012 4518 cst,
2037 4457 2148 4508 nivem
2177 4456 2268 4507 circu

700 4566 816 4617 arbores
834 4572 861 4616 et
878 4566 992 4617 erhusto
1010 4565 1131 4616 celerius
1148 4562 1319 4626 liquescere,
1337 4576 1414 4626 quam
1433 4575 1520 4626 seque
1538 4558 1684 4625 superficie
1703 4563 1813 4614 directis
1832 4561 1900 4612 solis
1919 4557 2055 4620 6661161).
2080 4562 2109 4614 81
2127 4563 2189 4626 quic
2208 4564 2272 4614 tort

700 4670 769 4723 66116
791 4670 881 4720 redico
899 4683 916 4720 6
933 4671 997 4721 nire
1014 4669 1134 4722 retiexor
1152 4682 1213 4720 crim
1231 4669 1316 4721 tediis
1335 4681 1388 4719 non
1406 4667 1517 4719 reflexis
1535 4666 1746 4731 comparuerit,
1768 4668 1832 4718 illos
1848 4669 1971 4720 inveniet
1988 4682 2038 4732 pro
2056 4669 2165 4722 rollone
2181 4646 2272 4720 ircim

698 4791 779 4844 quam
798 4776 848 4827 1166
866 4785 915 4837 per
933 4777 1030 4827 vitrum
1048 4777 1160 4828 cribrum
1179 4781 1207 4826 et
1224 4776 1395 4839 coturnicum,
1412 4775 1536 4840 6166666,
1554 4773 1678 4837 emirum
1698 4774 1859 4840 calcarium,
1876 4786 1995 4839 gypsum
2011 4776 2144 4828 66666166.

808 4882 828 4931 'l
849 4880 994 4926 lucinius.
1019 4884 1093 4927 Annali
1109 4883 1164 4928 66116
1178 4885 1261 4928 coicum
1277 4883 1309 4927 661
1326 4896 1390 4942 regno
1406 4880 1628 4926 lonbardo-Venulo.
1646 4885 1712 4926 lm.
1729 4882 1785 4927 666.
1801 4889 1823 4926 et
1838 4880 1899 4929 Fcis.
1916 4887 1985 4944 pat.
2001 4902 2031 4914 -
2047 4882 2172 4930 licllcnl.
2196 4884 2261 4930 Cen

699 4966 758 5010 rond.
774 4964 813 5012 l'i,
831 4980 851 5022 p.
865 4964 917 5005 8111.
935 4983 961 4993 -
979 4961 1082 5020 Poggcad.
1100 4963 1266 5021 dunelmi,
1284 4964 1419 5007 tti-til.
1437 4982 1462 4992 -
1480 4961 1555 5008 norea
1570 4959 1655 5021 iicpcrt.
1670 4961 1707 5022 lv,
1724 4965 1775 5007 366.
1793 4964 1848 5008 370.
