4634 5924
1140 354 1194 429 87

478 581 574 669 Quae
607 585 646 648 ut
676 582 777 648 etium
812 580 956 647 certiora
989 577 1187 662 redderem,
1223 573 1357 665 praeter
1389 574 1465 642 illos
1498 574 1620 644 coloris
1649 577 1763 644 sontes
1803 573 1968 664 plotinum

366 728 507 799 quoque
541 704 692 774 candens
726 709 763 770 et
790 700 953 771 oleoholis
980 702 1143 769 dommum
1171 700 1323 784 adhibui,
1359 721 1501 789 quorum
1530 699 1622 768 color
1653 699 1696 769 olr
1726 699 1966 770 omnibusne

366 832 563 902 flecteretur
591 826 792 917 corporibus
815 833 915 895 autea
938 827 1167 914 investigatis,
1197 827 1238 893 iis
1262 824 1415 914 quidem,
1446 845 1533 914 quae
1558 823 1677 892 eodem
1699 831 1818 892 essent
1840 826 1966 912 magni·

367 957 485 1025 tudine
508 956 637 1037 (formu
660 952 842 1040 quadrato,
864 950 971 1019 lutere
995 952 1079 1030 8⁸).

478 1077 759 1168 Experimenturn
782 1096 863 1144 vero
886 1077 934 1142 ito
956 1077 1143 1143 institutum
1167 1081 1241 1159 est,
1264 1080 1302 1141 ut
1324 1094 1466 1160 corpora
1491 1094 1546 1155 eo,
1572 1094 1660 1160 quae
1677 1072 1963 1161 perpendicularis

366 1207 518 1294 ipsorum
548 1202 658 1270 lineae
686 1200 748 1266 32⁰
772 1198 988 1267 inclinatione
1010 1200 1044 1266 in
1065 1219 1166 1266 axem
1188 1196 1429 1285 thermoscopii
1451 1196 1658 1283 longiorem,
1689 1196 1799 1264 medio
1822 1196 1901 1265 iude
1925 1195 1964 1259 'l''

368 1326 560 1411 distabunt,
589 1348 609 1393 u
632 1324 754 1394 coloris
777 1328 889 1392 autem
910 1325 1005 1391 fonte
1027 1319 1119 1408 u‘',5,
1145 1320 1305 1409 deinceps
1329 1327 1473 1410 quatuor
1496 1319 1564 1388 illis
1588 1328 1836 1408 exponerentur
1857 1324 1959 1390 sonti·

368 1450 436 1521 bns
460 1450 769 1536 declinationesque
791 1444 1070 1532 observarentur,
1093 1468 1182 1534 quoe
1206 1445 1319 1514 colore
1340 1445 1383 1514 ulr
1406 1444 1470 1514 illis
1492 1443 1619 1513 reflexo
1642 1447 1827 1513 evenirent

483 1574 576 1661 ssuns
600 1574 747 1662 quidem,
769 1595 791 1640 e
812 1569 900 1638 binis
921 1569 1217 1640 observationibus
1233 1569 1360 1637 medios
1382 1573 1526 1657 (eosque
1544 1574 1657 1636 certos
1672 1570 1843 1656 usquead
1860 1566 1958 1655 125),

367 1701 404 1769 iu
426 1700 498 1785 luis,
521 1721 608 1788 quoe
630 1702 835 1785 sequuntur,
858 1693 984 1764 ululis
1007 1695 1193 1783 conposui.

419 1966 442 2015 l.
1158 2011 1325 2076 neolinutio,
1350 2012 1454 2065 direct·
1471 2011 1624 2067 rudiutione
1641 2012 1754 2077 offecto,
1778 2013 1804 2064 sl
1822 2014 1900 2065 color
1917 2011 2105 2069 reilootlturo

410 2180 446 2230 cl.
537 2174 645 2230 Gnosis
662 2177 760 2230 tontes
