4634 5924
1130 375 1180 447 20

364 599 432 683 las,
454 605 532 667 aute
554 597 673 666 cubum
695 598 837 667 calidum
860 596 1056 682 collocatas,
1084 620 1126 667 eo
1149 600 1258 666 minus
1280 595 1435 679 calefieri,
1463 619 1532 685 quo
1555 599 1742 666 crassiores
1763 598 1887 665 fuerint
1905 594 1945 682 ¹);

365 747 398 790 v.
420 747 448 791 r.
470 723 751 812 tbermoscopium
774 726 864 812 ejus,
886 725 1032 811 positum

640 854 722 936 post
741 846 890 916 tabulam
906 846 1081 934 abiegnam
1111 843 1166 932 ¹s,“
1187 868 1350 929 crassam,
1371 845 1532 914 indicavit
1554 844 1625 929 10·,

1107 968 1163 1005 ιμ’

1117 1016 1141 1057 r·
1439 993 1456 1021 '
1552 967 1622 1055 ιδ’,

976 1118 992 1145 ¹·
1127 1095 1166 1158 l‘'
1248 1118 1266 1146 ι
1440 1119 1456 1146 ³
1574 1090 1622 1160 θ’.

364 1224 518 1309 Itemque
545 1218 771 1288 Mellauius
788 1221 813 1297 ¹)
840 1218 1258 1307 therma-multiplicatore
1285 1242 1369 1286 usus
1394 1222 1536 1305 reperit,
1567 1217 1715 1287 chartam
1745 1219 1944 1287 crassiorem

365 1348 474 1414 minas
496 1344 641 1412 calefieri
662 1347 823 1411 tenuiore.

475 1470 595 1557 Neque
619 1474 730 1535 tamen
751 1467 804 1534 bis
827 1469 1063 1554 experimentis
1084 1466 1138 1533 illa
1160 1466 1238 1533 mibi
1261 1469 1414 1555 quaestio
1438 1466 1617 1555 dijudicata
1646 1488 1725 1533 esse
1753 1464 1942 1533 videbatur:

580 1613 776 1679 quaenam
800 1597 919 1659 esset
941 1595 1052 1659 ratio
1074 1595 1184 1659 inter
1207 1612 1420 1679 corporum
1436 1589 1757 1659 calefactionem
1774 1592 1944 1677 etipsa·

578 1738 660 1783 rum
682 1715 1021 1784 crassitudinem.

364 1843 463 1910 llaec
485 1844 584 1928 igitur
605 1842 759 1928 quaestio
782 1840 1008 1927 disquisitioni
1029 1842 1185 1927 sequenti
1206 1841 1377 1906 materiam
1399 1838 1562 1926 praebuit.

478 1966 588 2033 Sicuti
608 1970 720 2032 autem
742 1967 777 2030 in
798 1966 921 2050 prioris
944 1966 1065 2051 capitis
1087 1962 1378 2031 observationibus
1399 1963 1434 2029 id
1455 1963 1632 2031 studebam
1655 1962 1802 2044 efficere,
1829 1970 1867 2029 at
1888 1983 1944 2029 ca·

364 2091 555 2158 lefactr'onis
580 2091 634 2156 vis
660 2091 847 2177 positorum
874 2091 960 2156 inter
990 2086 1113 2155 caloris
1141 2090 1268 2155 fontem
1300 2095 1336 2155 et
1366 2086 1466 2174 pilam
1498 2109 1672 2174 corporum
1702 2086 1821 2154 nullius
1851 2093 1946 2154 esset

363 2217 525 2281 momenti
554 2213 597 2279 ad
631 2215 738 2300 ipsius
772 2211 1010 2298 thermoseopii
1040 2212 1182 2279 indices:
1215 2215 1262 2278 ita
1290 2214 1325 2278 in
1355 2210 1408 2278 bis
1435 2212 1568 2299 quidem
1602 2214 1839 2298 experimentis
1868 2209 1946 2278 dedi

364 2360 514 2425 operam,
538 2342 575 2403 ut
598 2359 697 2423 qaam
719 2339 863 2403 maxime
885 2338 1002 2403 sentiri
1022 2343 1145 2423 posset
1166 2334 1343 2403 calefactio
1365 2334 1506 2425 solaque
1526 2335 1809 2423 thermoscopium
1832 2334 1945 2402 affice-

364 2470 427 2530 ret.
477 2462 606 2529 ldcirco
637 2459 864 2527 calefacienda
894 2480 1034 2546 corpora
1062 2462 1213 2546 proxime
1240 2464 1319 2527 ante
1345 2459 1443 2546 pilam
1470 2460 1656 2548 ponebam,
1685 2468 1866 2547 postquam
1895 2480 1945 2542 es,

364 2586 464 2674 pilam
487 2607 621 2670 versus,
643 2584 833 2652 substantia
857 2583 1000 2671 quadam
1022 2586 1175 2667 instruxi,
1198 2604 1287 2671 quae
1309 2584 1410 2652 radiis
1434 2584 1563 2653 directa
1583 2589 1638 2652 via
1654 2607 1722 2653 nou
1737 2587 1945 2652 transiretur.

476 2711 540 2776 llis
568 2731 648 2776 vero
678 2708 876 2795 corporibus
906 2708 949 2775 ad
980 2729 1053 2774 eam
1082 2728 1151 2774 rem
1178 2708 1444 2794 investigandam
1471 2732 1554 2776 usus
1582 2728 1671 2776 sum:
1705 2710 1839 2775 vernice
1869 2705 1946 2773 alba

365 2834 554 2924 pellucide3
577 2832 671 2899 lecca
694 2832 878 2920 asphaltico
900 2834 1010 2918 nigra,
1033 2853 1101 2898 nan
1122 2830 1305 2917 pellucido,
1329 2832 1392 2898 sed
1415 2831 1654 2916 diathermaua3
1678 2852 1836 2914 cerussa,
1860 2851 1947 2917 quae

365 2958 471 3045 vulgo
493 2936 743 3025 adiatbermaua
764 2955 917 3023 babetur.
963 2954 1111 3040 Quibus,
1138 2955 1304 3023 diversa
1324 2962 1552 3025 stratorum
1576 2953 1875 3036 crassitudine,
1901 2952 1948 3019 la·

363 3084 474 3150 minas
496 3080 681 3150 metallicas
711 3078 839 3147 obduxi
866 3087 986 3148 tenues
1016 3086 1050 3147 et
1079 3083 1209 3148 omnino
1236 3083 1325 3147 inter
1351 3101 1391 3148 se
1418 3100 1535 3169 pares,
1565 3103 1709 3171 casque,
1738 3085 1777 3145 ut
1804 3077 1948 3146 calorem

365 3213 545 3294 acceptum
567 3205 685 3273 melius
709 3207 916 3288 emitterent,
941 3208 975 3270 in
997 3204 1141 3272 adversa
1162 3203 1249 3292 pilae
1272 3212 1368 3292 parte
1391 3205 1506 3273 charta
1527 3209 1599 3273 texi
1616 3206 1652 3285 ’).
1696 3205 1790 3274 Sane
1813 3205 1948 3293 quidem

365 3331 471 3417 fuligo
495 3330 539 3397 ad
560 3330 595 3397 id
617 3330 790 3398 efficacior
810 3330 912 3396 fuerit
927 3326 973 3413 ⁴),
1001 3328 1088 3396 hauc
1115 3336 1228 3396 tamen
1255 3331 1312 3396 vix
1338 3332 1465 3417 pariter
1492 3329 1593 3398 altam
1618 3333 1653 3397 in
1672 3329 1789 3418 plures
1810 3328 1949 3400 laminas

365 3459 541 3542 imponere
562 3457 688 3542 possis,
710 3455 744 3522 id
768 3454 858 3542 quod
880 3456 1108 3522 necessarium
1130 3456 1264 3538 fuisset,
1288 3456 1379 3542 quia,
1400 3452 1643 3536 blellouio')
1657 3460 1757 3538 teste,
1781 3456 1948 3524 radiorum

367 3552 503 3646 emissio
526 3581 617 3646 varia
642 3585 696 3646 est
716 3600 778 3666 pro
802 3577 946 3664 fuliginis
969 3578 1198 3647 marsitudine.
1244 3579 1355 3663 Quare
1384 3579 1532 3646 cbartam
1555 3578 1713 3648 adbibere
1736 3580 1849 3648 utilius
1872 3580 1949 3647 mibi

364 3707 475 3770 visum
499 3710 564 3787 est,
586 3726 643 3787 ne,
670 3705 820 3790 quamvis
843 3705 1053 3770 instrumenti
1073 3704 1208 3772 allectio
1231 3702 1383 3773 subtilior
1404 3704 1608 3787 redderetur,
1634 3710 1747 3773 tamen
1768 3705 1949 3775 observata

366 3830 476 3895 minus
498 3834 593 3895 certa
615 3829 747 3896 ratione
770 3849 964 3915 comparare
986 3848 1134 3913 possem.

479 3952 528 4020 Ut
550 3973 630 4020 vero
656 3974 755 4040 quam
776 3953 910 4018 minima
931 3952 1150 4040 negligerem,
1180 3950 1435 4022 calefactionem
1463 3953 1591 4023 illorum
1618 3955 1770 4025 diuersae
1792 3959 1948 4025 crassitu-

368 4076 455 4144 dinis
484 4097 663 4164 corporum
692 4079 741 4143 ita
766 4074 1029 4164 investigabam,
1064 4084 1100 4144 ut
1129 4077 1278 4146 diversos
1305 4078 1495 4148 adhiberem
1523 4079 1647 4149 caloris
1672 4084 1785 4151 fontes
1813 4087 1847 4147 et
1874 4103 1949 4166 eos,

481 4434 503 4490 ¹)
520 4432 626 4484 lblden.
645 4447 671 4496 p.
683 4427 797 4484 as-rl.
816 4431 902 4498 (itrp.
913 4433 1001 4497 xm.)

478 4537 502 4595 ¹)
524 4538 661 4603 harad
680 4539 778 4590 ΔιιιΙ.
797 4539 900 4606 xull,
916 4537 960 4594 bb.

480 4644 504 4703 ⁸)
525 4643 648 4694 bestie.
676 4648 719 4696 Aa
738 4657 831 4709 erper.
849 4644 904 4710 leq.
921 4645 979 4699 luto
997 4648 1042 4697 tte
1059 4652 1116 4698 urt.
1134 4647 1188 4698 aad
1205 4659 1320 4714 propag.
1338 4649 1369 4699 st
1383 4649 1452 4700 test
1470 4661 1496 4712 p.
1511 4642 1551 4698 18.
1570 4648 1650 4711 (exp.
1665 4647 1758 4710 1.11.).
1776 4673 1812 4686 -
1828 4655 1852 4703 Δ
1870 4653 1949 4703 short

366 4755 487 4801 seruum
505 4748 538 4799 ot
552 4748 678 4812 rapu-lm
695 4752 748 4802 aad
766 4751 891 4804 lustrum.
909 4752 1062 4818 depeedlag
1079 4766 1115 4805 oe
1133 4755 1178 4806 tis
1194 4755 1274 4807 relat
1292 4755 1324 4806 ct
1337 4754 1380 4807 alr
1398 4760 1428 4806 to
1445 4755 1507 4805 best
1523 4754 1578 4804 aad
1595 4752 1735 4808 motsmre.
1754 4770 1779 4820 p.
1791 4752 1832 4809 18
1851 4771 1911 4824 sqq.

477 4859 501 4915 ⁴)
522 4855 628 4907 breem.

478 4964 502 5022 ⁸)
524 4962 629 5029 compr.
647 4963 724 5016 md.
744 4965 808 5029 xx.
826 4963 888 5019 trs.
908 4992 942 5005 -
960 4966 1098 5033 Paneas.
1117 4968 1214 5019 Arest
1232 4967 1316 5032 bxv,
1335 4963 1395 5022 100.
1415 4965 1474 5022 110.

1527 5090 1547 5145 d
