4544 5918
1109 370 1159 443 bl

330 624 335 635 ·
456 597 534 683 Qus
553 597 595 667 de
617 614 656 665 ro
676 617 765 684 qnae
787 597 944 685 equidem
966 598 1198 684 experimento·
1220 598 1438 682 instituerim,
1462 601 1531 686 jam
1559 597 1627 663 boc
1654 596 1732 665 loco
1764 598 1926 685 deinceps

334 718 559 793 describam·
591 725 643 790 Ao
665 725 736 811 jam
761 742 863 808 supra
891 724 944 808 (p
968 722 1038 798 40.)
1066 720 1190 788 dictum
1220 726 1292 804 est,
1321 722 1365 788 ad
1392 721 1608 808 percipienda
1635 729 1775 789 naturae
1804 719 1925 789 caloris

339 849 535 916 dmcrimina
561 847 849 914 transmissionem
870 868 932 932 per
955 844 1181 912 diatbermana
1202 866 1344 933 corpora
1365 845 1469 912 multo
1490 846 1740 932 praeferendam
1764 866 1843 914 esse
1865 845 1925 913 ab·

339 972 518 1060 sarptioni.
547 969 644 1053 Quae
665 969 801 1057 quidem
819 970 1043 1056 investigandi
1058 973 1143 1038 ratio
1157 977 1283 1057 quanta
1298 972 1344 1037 sit
1358 967 1557 1053 subtilitate,
1581 970 1744 1057 exemplis
1762 993 1793 1058 p.
1805 975 1859 1035 45.
1873 971 1926 1035 46.

339 1096 607 1164 demonstratum
625 1100 694 1161 ast
909 1086 913 1091 ’

455 1221 578 1307 ltaque
600 1219 718 1285 eadem
741 1217 794 1284 illa
817 1219 947 1284 ratione
970 1217 1036 1284 boc
1059 1216 1136 1284 loco
1161 1238 1244 1285 usus
1267 1218 1456 1304 disquisivi,
1484 1240 1585 1284 onum
1608 1217 1698 1285 calor
1720 1219 1851 1287 radians
1867 1240 1927 1305 per

349 1344 492 1412 -eaoem
515 1342 741 1410 diatbermana
764 1363 907 1429 corpora
931 1344 1100 1429 impariter
1128 1344 1304 1425 transiret,
1333 1345 1363 1409 si
1390 1342 1445 1409 vel
1473 1364 1540 1409 non
1566 1342 1713 1411 retlexus
1741 1346 1801 1427 sit,
1828 1341 1927 1410 vola

350 1468 517 1536 »diversis
540 1464 737 1554 corporibus
760 1465 879 1533 diffuse
901 1465 1085 1532 reflexus.»

456 1595 514 1660 Ac
536 1611 574 1658 re
588 1610 674 1658 uero
694 1610 762 1656 non
785 1592 906 1677 exigua
929 1597 1155 1678 apparuerunt
1178 1589 1377 1656 discrimino.

459 1721 555 1784 Acus
577 1716 678 1799 enim,
705 1720 888 1801 postquam
910 1713 1071 1801 lampadis
1094 1714 1305 1800 Argnndicae
1327 1713 1428 1782 radiis
1451 1715 1494 1781 ad
1517 1711 1577 1781 25⁰
1601 1714 1796 1799 declinavit,
1824 1718 1927 1782 inter-

343 1844 463 1931 posito
486 1837 607 1927 spatbo
629 1836 793 1922 calcario,
818 1841 908 1922 3²37
932 1860 1067 1920 crasso,
1096 1839 1183 1907 inter
1206 1838 1327 1906 caloris
1349 1840 1475 1906 iontem
1499 1846 1535 1905 et
1554 1839 1856 1927 thermosoopium,
1886 1840 1929 1906 ad

346 1965 467 2063 ¹9⁰²¹⁹
495 1965 647 2031 recessit.
694 1962 789 2046 Quae
816 1965 966 2029 nimirum
997 1959 1109 2044 15⁰,1o
1136 1961 1314 2030 declinatio
1338 1963 1449 2031 calore
1472 1986 1533 2051 per
1555 1964 1710 2052 spatbum
1732 1969 1929 2031 transeunte

346 2092 472 2158 edecta
502 2097 567 2157 est.
611 2086 676 2155 Sin
706 2093 816 2154 auteur
848 2085 968 2154 diffuse
993 2086 1119 2153 reflexo
1143 2108 1164 2152 a
1188 2089 1321 2153 carmini
1343 2087 1459 2155 tabula
1483 2087 1593 2156 calore
1616 2110 1698 2155 acus
1722 2087 1764 2154 ad
1787 2083 1846 2150 2⁵⁰
1870 2088 1928 2155 de-

344 2215 432 2282 flexa
461 2218 531 2280 est:
560 2212 679 2279 eodem
708 2210 830 2298 spntbo
858 2209 979 2276 ibidem
1009 2209 1176 2278 collocato
1205 2214 1292 2278 inter
1319 2209 1466 2279 tabulam
1496 2213 1725 2281 reflectentem
1753 2220 1789 2278 et
1814 2210 1929 2298 pilam,

346 2359 428 2406 aeos
450 2336 684 2404 tantummodo
706 2334 749 2400 ad
772 2332 884 2417 22⁰,3l
910 2334 1017 2402 rediit.

456 2464 491 2530 A
514 2463 662 2528 carmine
684 2461 791 2545 igitur·
806 2458 951 2526 reflexus
974 2457 1084 2542 calor,
1106 2462 1137 2526 si
1160 2461 1320 2527 rationem
1343 2464 1571 2548 spectaveris,
1599 2462 1718 2529 melius
1741 2482 1840 2549 quam
1862 2482 1933 2528 non

346 2588 493 2656 rellexus
516 2608 578 2672 per
600 2583 754 2672 spatbum
779 2582 955 2650 calcarium
978 2585 1118 2650 transiit.
1159 2583 1287 2652 Similia
1310 2591 1421 2652 autem
1443 2588 1477 2651 in
1500 2585 1573 2652 aliis
1597 2585 1832 2654 diathermanio
1855 2607 1932 2653 cor-

343 2712 486 2801 poribus
508 2715 742 2798 apparuerunt.

459 2832 523 2901 lllo
544 2839 681 2921 autem,
698 2852 796 2919 quem
819 2830 1022 2918 significavi,
1053 2830 1153 2898 modo
1182 2854 1201 2898 a
1223 2832 1398 2919 permultis
1421 2831 1620 2919 corporibus
1642 2831 1762 2898 diffuse
1785 2834 1933 2901 reflexos

346 2961 474 3030 caloris
497 2957 627 3041 radios,
655 2955 901 3044 quodquidam
925 2955 967 3023 ad
989 2954 1115 3022 illorum
1136 2979 1198 3043 per
1222 2956 1445 3024 diatbermana
1469 2978 1611 3045 corpora
1632 2958 1805 3024 transitum
1829 2962 1931 3044 perti-
2041 2959 2045 2969 '

345 3091 426 3167 net,
456 3088 493 3149 et
516 3085 602 3148 inter
630 3103 669 3148 se
694 3083 789 3168 ipsos
813 3087 943 3148 etcum
966 3101 1034 3147 non
1056 3080 1190 3147 redenis
1211 3084 1414 3168 comparavi.
1460 3080 1608 3164 Quortm
1631 3083 1932 3169 experimentorum

346 3212 545 3297 priusquam
575 3212 731 3272 eventum
759 3203 957 3290 significem,
991 3226 1100 3291 pauca
1127 3204 1206 3271 mibi
1234 3206 1278 3272 de
1307 3208 1381 3292 ipsa
1408 3208 1631 3293 investigandi
1658 3209 1709 3273 via
1739 3227 1780 3272 ac
1802 3210 1933 3276 ratione

345 3329 595 3420 praemittenda
616 3329 780 3396 videntur.
1704 3414 1707 3421 Ι

460 3459 517 3522 Ac
539 3457 677 3542 primum
701 3453 834 3541 quidem
859 3458 895 3519 ut
917 3452 1063 3520 reflexus
1084 3459 1211 3520 tantum
1235 3454 1328 3522 calor
1350 3456 1392 3522 ad
1420 3454 1703 3549 thermoscopium
1731 3463 1935 3544 perveniret,

348 3580 541 3649 carendum
567 3584 652 3661 erat,
683 3600 725 3644 ne
747 3579 820 3664 ipsa
845 3598 987 3664 corpora
1010 3576 1212 3646 calefierent.
1259 3577 1357 3661 Quod
1379 3581 1426 3645 ita
1450 3579 1603 3647 effectum
1629 3588 1693 3665 est,
1716 3589 1755 3648 ut
1777 3589 1935 3672 tanquam

347 3705 457 3774 latera
485 3706 733 3791 imponerentur
762 3699 857 3768 cubis
884 3700 1078 3785 metallicis,
1114 3705 1169 3791 qui
1199 3725 1319 3797 aquam
1349 3702 1567 3770 continebant
1594 3711 1819 3792 temperatura
1849 3711 1936 3776 aeris

329 3827 561 3936 ¹circumdati.
606 3825 665 3892 llla
695 3833 824 3909 autem,
855 3847 941 3913 quae
964 3828 1049 3892 inter
1076 3846 1115 3892 ae
1138 3826 1368 3915 comparanda
1395 3835 1527 3910 essent,
1563 3850 1706 3917 corpora
1731 3835 1766 3897 in
1795 3832 1935 3901 diversis

349 3953 448 4021 cubis
473 3950 653 4034 collocavi,
677 3957 714 4016 ut
736 3949 865 4037 singula
888 3971 987 4037 qnam
1010 3948 1240 4017 brevissimum
1263 3957 1397 4039 tempos
1420 3950 1542 4019 caloris
1566 3958 1722 4043 exposita
1744 3963 1860 4024 essent
1882 3978 1934 4023 ra·

354 4077 425 4144 diis
454 4076 508 4144 lta
529 4097 612 4143 vero
635 4075 801 4161 idipsum
825 4074 916 4162 quod
936 4073 1040 4156 volui,
1065 4073 1219 4142 effectum
1243 4096 1336 4158 esse,
1360 4098 1448 4164 quae
1471 4087 1658 4166 sequnntur
1680 4079 1935 4148 observationes

351 4198 647 4268 demonstrabunt:

467 4327 496 4393 l.
545 4321 727 4391 Calciactio
756 4323 963 4411 superficiei,
993 4345 1081 4412 quae
1102 4324 1146 4390 ad
1168 4326 1434 4413 investigandum
1457 4326 1500 4394 ab
1521 4328 1576 4395 illa
1598 4329 1754 4395 reflexum
1778 4329 1935 4418 calorem,

355 4447 512 4518 adbibitis
540 4447 647 4515 tribus
677 4446 873 4534 corporibus
904 4447 1158 4534 diatbermanis',
1185 4470 1246 4536 per
1269 4456 1290 4513 t
1313 4453 1438 4518 minuta
1460 4454 1523 4518 init
1550 4453 1705 4538 exposita
1732 4453 1852 4538 radiis,
1877 4460 1936 4526 rix

352 4575 489 4643 omnino
511 4571 796 4660 thermoscupium
819 4569 930 4640 allicit
975 4574 1119 4641 Remoto
1144 4576 1230 4642 enim
1253 4573 1373 4643 caloris
1394 4577 1506 4659 fonte,
1536 4574 1612 4640 dum
1640 4578 1715 4665 ipsa
1739 4579 1935 4668 superficies

352 4696 497 4767 enodem
525 4703 604 4767 ante
632 4697 732 4787 pilam
760 4694 869 4763 locum
898 4702 1009 4783 tenet,
1037 4696 1205 4785 extemplo
1228 4721 1310 4768 acus
1333 4722 1374 4767 eo
1397 4701 1588 4782 revertitur,
1618 4699 1706 4770 unde
1729 4705 1835 4791 primo
1858 4727 1934 4792 pro-

353 4822 446 4891 tacta
469 4828 533 4891 est

466 4946 545 5016 Jam
571 4950 673 5036 igitur
700 4945 876 5016 declinatio
906 4948 1032 5018 directo
1060 4945 1242 5018 radiatione
1270 4947 1390 5016 edecta
1418 4953 1453 5017 et
1483 4970 1573 5039 quae
1601 4957 1680 5020 ante
1705 4950 1836 5038 singulo
1859 4971 1934 5019 cor·

1513 5088 1532 5142 8
