4544 5918
1275 426 1277 431 ,
1398 353 1449 431 86

617 584 688 672 jem
713 582 910 664 carminum,
932 582 963 647 si
985 601 1062 648 cnm
1085 578 1257 647 cinnabori
1279 584 1539 668 comparaveris,
1568 579 1707 668 cylindri
1729 579 1852 649 caloris
1872 602 1934 668 pro
1952 584 2087 648 ratione
2109 583 2216 650 minus

624 706 801 774 reflectere
825 703 984 790 debebat,
1008 727 1108 793 quam
1129 703 1294 794 lampadis
1309 705 1530 792 Argaudicae.
1547 738 1590 751 -
1612 708 1728 794 Atque
1744 705 1811 775 boc
1825 706 1961 793 quidem
1978 704 2217 774 observatione

625 828 879 920 comprobatum
907 836 970 897 est
1014 832 1101 897 Num
1130 829 1397 917 siArgandicao
1423 828 1587 917 lampadis
1612 829 1747 898 colora
1769 828 1942 897 cinnabari
1964 827 2217 914 reflectebatur,

624 963 720 1024 certo
748 955 895 1044 quadam
922 953 1059 1022 tabulae
1086 953 1293 1022 reflectentis
1319 952 1553 1037 inclinatione,
1583 975 1665 1021 aeus
1693 953 1751 1021 ad'
1766 953 1882 1039 29⁰,7b
1912 953 2113 1039 declinavit,
2142 957 2172 1022 si
2197 976 2217 1020 a

624 1083 770 1148 carmino
802 1121 841 1134 -
879 1078 997 1147 eadem
1032 1077 1168 1146 tabulae
1197 1077 1425 1166 magnitudine
1455 1079 1641 1165 eademqne
1670 1081 1704 1145 iu
1731 1077 1830 1166 pilam
1858 1086 1894 1147 et
1920 1081 2049 1146 fontem
2077 1074 2215 1145 inelina-

622 1208 716 1273 tione
747 1239 791 1252 -
825 1203 868 1272 ad
902 1199 1004 1287 1825.
1057 1199 1184 1270 Contra
1217 1200 1360 1289 cylindri
1388 1200 1496 1287 calor,
1531 1223 1605 1270 eum
1640 1202 1774 1290 quidem
1811 1224 1831 1269 a
1865 1198 2035 1270 cinnabori
2068 1203 2218 1270 rellexus

623 1328 765 1398 eandem
794 1323 910 1411 cosso
940 1325 1197 1395 declinationem
1231 1324 1417 1410 effecisset,
1452 1348 1472 1393 a
1501 1327 1647 1393 carmine
1682 1323 1779 1414 plane
1812 1324 1932 1394 iisdem
1966 1323 2219 1393 conditionibus

625 1456 775 1541 rejectus
804 1473 900 1518 acum
925 1450 1156 1525 tantummodo
1185 1450 1229 1517 ad
1259 1449 1375 1536 ¹⁴⁸23⁷
1405 1449 1552 1517 deflexit
1597 1451 1631 1516 A
1653 1452 1797 1518 curmiuo
1823 1451 1926 1539 igitur
1951 1449 2071 1519 redexi
2094 1448 2218 1517 caloris

623 1579 737 1644 visre
759 1597 840 1643 vera
860 1573 1084 1644 minuebatur:
1107 1572 1142 1641 id
1165 1574 1256 1662 quod
1279 1583 1378 1642 autea
1400 1545 1625 1663 conjectatum
1648 1580 1712 1641 est.

735 1699 867 1770 Similia
886 1704 922 1768 iu
945 1702 1068 1769 ceteris
1092 1699 1257 1789 exemplis
1280 1696 1462 1768 observata
1482 1703 1570 1765 suut
1614 1696 1751 1768 Scimus
1773 1697 1926 1785 quidem,
1954 1719 1976 1766 a
1998 1696 2119 1766 charta
2141 1696 2218 1767 alba

623 1828 785 1896 reflexum
819 1824 963 1893 calorem
999 1823 1105 1892 multo
1138 1823 1257 1891 melius
1292 1845 1389 1911 quam
1421 1844 1441 1888 a
1470 1824 1564 1908 nigra
1591 1825 1754 1911 rejectum
1780 1843 1841 1910 per
1868 1824 1989 1889 vitrum
2017 1820 2157 1888 mbram
2185 1827 2217 1889 ct

621 1951 777 2041 spatbum
801 1949 978 2017 calcarium
1000 1950 1143 2015 transire
1172 1950 1219 2036 (p.
1232 1948 1365 2029 otoo.
1411 1945 1555 2029 Quodsi
1578 1944 1737 2013 eoleetiea
1759 1944 1978 2032 absorptione
2000 1947 2130 2013 laetum
2154 1951 2216 2028 est,

621 2096 767 2144 necesse
795 2077 875 2156 fuit,
906 2072 1021 2138 charta
1047 2071 1141 2155 alba,
1164 2070 1349 2139 seeundum
1371 2091 1431 2153 ea,
1461 2084 1548 2157 quae
1570 2069 1671 2155 paulo
1694 2076 1774 2137 ante
1795 2069 1955 2152 diximus,
1985 2068 2136 2138 calorem
2160 2090 2216 2155 ey·

620 2199 733 2281 liudri,
759 2196 847 2263 uude
869 2198 1051 2284 praecipue
1068 2196 1153 2263 radii
1173 2217 1237 2282 per
1258 2198 1378 2262 vitrum
1400 2193 1534 2260 rubrum
1557 2200 1593 2261 ct
1614 2193 1769 2280 spathum
1794 2193 1972 2260 calcarium
1995 2192 2085 2262 male
2107 2201 2216 2261 traus-

620 2329 743 2393 euntes
777 2318 1030 2402 emittebantur,
1072 2324 1103 2387 si
1136 2341 1213 2388 cum
1242 2318 1359 2385 charta
1390 2321 1486 2404 nigra
1516 2319 1779 2406 comparaveris,
1809 2340 1871 2403 pro
1902 2319 2033 2385 ratione
2065 2319 2215 2385 deterius

621 2452 831 2529 reflecteret,
856 2465 957 2532 quam
979 2442 1142 2530 lampadis
1164 2442 1377 2529 Argaudicae
1400 2441 1554 2510 calorem.
1586 2443 1624 2508 lu
1646 2441 1761 2508 eburta
1775 2448 1888 2509 autem
1902 2443 1997 2528 nigra
2013 2444 2216 2510 contrarium

619 2573 693 2641 deri
715 2568 911 2659 oportebat,
933 2570 982 2633 ita
1003 2566 1155 2655 quidem,
1177 2574 1215 2633 ut
1231 2567 1395 2649 deterius,
1418 2568 1541 2634 sicum
1557 2565 1672 2634 cbarta
1687 2564 1762 2632 alba
1778 2567 2043 2654 comparaveris,
2069 2563 2218 2635 calorem¹

620 2695 787 2784 lampadis
808 2691 864 2760 illa
887 2692 1087 2760 reflecteret
1133 2689 1231 2774 Quod
1253 2713 1290 2758 re
1312 2711 1392 2757 vera
1414 2691 1541 2758 iactum
1564 2696 1627 2758 est
1665 2689 1833 2758 Acbarta
1857 2691 1944 2757 euim
1966 2688 2046 2756 alba
2070 2692 2215 2760 rcllexus

619 2820 787 2908 lampadis
810 2817 904 2886 calor
932 2837 1030 2883 acum
1052 2814 1095 2882 ad
1118 2811 1234 2900 21⁰,25
1258 2814 1414 2898 deflexit,
1442 2815 1601 2883 acbarta
1627 2816 1724 2901 nigra
1751 2815 1870 2882 iisdem
1893 2815 2148 2884 conditionibus
2173 2814 2215 2882 ad

622 2943 701 3028 18⁰3
738 2950 856 3013 eontra
885 2940 1026 3028 cylindri
1062 2938 1179 3023 calor,
1216 2941 1274 3027 qui
1313 2961 1333 3006 a
1363 2938 1479 3006 charta
1514 2937 1591 3004 alba
1619 2939 1764 3007 reflexus
1804 2938 2065 3008 declinationem
2100 2937 2211 3022 2⁴⁰,ii

620 3071 750 3151 effecit,
779 3089 799 3133 a
829 3065 945 3133 charta
973 3066 1066 3150 nigra
1094 3067 1243 3153 rejectus
1272 3063 1316 3130 ad
1346 3060 1438 3147 34⁰,5
1466 3083 1563 3130 acum
1591 3067 1721 3130 avertit.
1773 3063 1893 3151 ltaque
1920 3063 2023 3150 plane
2051 3067 2214 3134 contraris

619 3196 705 3259 ratio
729 3193 851 3258 evenit.

734 3311 864 3396 Quodsi
893 3310 1017 3378 caloris
1047 3309 1147 3394 radii,
1176 3333 1196 3376 a
1225 3310 1357 3378 duobus
1386 3310 1584 3398 corporibus
1606 3311 1741 3395 reflexi,
1770 3314 1804 3378 iu
1825 3316 1969 3381 transitu
1991 3317 2083 3382 iuter
2105 3337 2145 3383 se
2171 3315 2212 3384 di·

621 3438 748 3524 stingui
776 3457 843 3502 nou
873 3440 1049 3522 poterant,
1077 3457 1108 3501 v.
1133 3456 1162 3501 e.
1191 3457 1213 3501 a
1239 3438 1350 3504 scrico
1373 3433 1507 3503 attalico
1536 3434 1615 3503 albo
1646 3442 1683 3503 ct
1709 3439 1805 3523 nigro
1835 3441 1969 3526 rejecti,
2001 3442 2062 3526 qui
2091 3442 2212 3528 pariter

619 3582 682 3650 per
710 3561 820 3626 omnia
846 3559 996 3626 adbibita
1024 3581 1165 3646 corpora
1195 3559 1423 3627 diatbcrmena
1449 3563 1718 3629 transmittuntur
1747 3563 1799 3649 (p.
1831 3561 1894 3646 ou,
1917 3565 1977 3646 63,
2002 3565 2048 3630 80
2070 3600 2114 3612 -
2135 3567 2211 3646 84),

618 3685 723 3773 idque
758 3704 800 3749 eo
835 3683 993 3750 effectum
1028 3690 1095 3767 est,
1131 3683 1225 3771 quod
1258 3690 1435 3773 utrumque
1470 3682 1592 3752 caloris
1624 3685 1738 3752 radios
1769 3689 1896 3773 pariter
1925 3686 2145 3757 mauriense:
2181 3691 2213 3756 iu

617 3816 765 3896 utroque
787 3806 923 3890 virium,
952 3807 1075 3894 quibus
1096 3805 1317 3874 reflectebant
1338 3807 1500 3891 calorem,
1523 3811 1609 3876 ratio
1630 3814 1825 3878 necessario
1849 3810 1968 3881 eadem
1991 3820 2028 3881 et
2051 3821 2212 3883 coustuus

616 3933 802 4020 permansit
831 3928 885 3995 vel
912 3932 946 3995 iu
974 3930 1275 3998 diversissimorum
1302 3935 1440 4000 sontium
1471 3933 1582 4000 radiis.
1632 3936 1749 4022 Atque
1777 3935 1811 4001 id
1840 3938 1951 4023 ipsum
1978 3942 2211 4028 experimento

617 4059 797 4125 manifesto
828 4052 1083 4141 comprobatum
1112 4063 1175 4123 est.
1202 4089 1246 4101 -
1279 4058 1491 4143 Argandicae
1519 4058 1653 4145 quidem
1684 4058 1847 4146 lampadis
1885 4062 1979 4130 calor
2013 4063 2166 4134 reflexus
2194 4087 2211 4131 a

621 4183 730 4247 serico
761 4177 897 4246 attalieo
929 4175 1007 4244 albo
1050 4161 1304 4246 declinationem
1333 4180 1396 4248 ³1⁰
1425 4182 1560 4267 effecit,
1595 4185 1737 4269 anigro
1768 4182 1881 4269 2⁷⁰,53
1922 4187 2072 4275 cylindri
2101 4197 2211 4260 autem

620 4301 712 4368 color
745 4301 811 4369 illic
849 4298 984 4386 wib,
1026 4299 1081 4368 bic
1116 4300 1219 4386 2325.
1274 4302 1397 4372 Album
1430 4308 1530 4392 igitur
1566 4307 1711 4373 sericum
1744 4309 1916 4376 attalicum
1953 4335 2054 4382 omne
2089 4316 2209 4384 caloris

621 4421 786 4490 radiorum
810 4447 916 4511 genus
941 4425 1058 4493 eadem
1080 4430 1210 4494 ratione
1233 4427 1352 4495 melius
1374 4429 1537 4513 redectit,
1562 4452 1660 4516 quam
1683 4434 1822 4519 nigrum.

732 4544 867 4615 Corium
890 4549 1010 4616 flavum
1034 4556 1070 4617 et
1092 4547 1182 4617 eluta
1199 4552 1344 4619 Turcica
1365 4554 1481 4638 lusca,
1505 4575 1591 4640 quae
1614 4559 1745 4644 etipsa
1768 4558 1912 4628 calorem
1933 4565 1982 4628 ita
1996 4565 2204 4653 rejiciebant,

620 4673 659 4733 ut
691 4686 752 4753 per
788 4668 1010 4740 diathermana
1046 4695 1189 4763 corpora
1221 4674 1321 4763 plane
1355 4677 1472 4745 eodem
1501 4677 1600 4745 modo
1633 4685 1808 4767 transiret,
1845 4689 1897 4772 (p.
1918 4687 1981 4771 6⁴,
2006 4691 2051 4755 80
2069 4725 2116 4738 -—
2136 4691 2204 4768 84.)

619 4797 655 4857 et
677 4787 888 4876 Argandicae
915 4795 1077 4884 lampadis
1107 4807 1142 4867 et
1171 4798 1309 4887 cylindri
1340 4800 1485 4871 calorem
1516 4802 1632 4872 eadem
1662 4808 1696 4872 vi
1724 4807 1939 4879 retexerunt.
1985 4813 2025 4881 lu
2052 4814 2203 4904 lampade

620 4916 705 4980 enim
731 4913 909 5004 utrobique
933 4920 1110 4991 declinatio
1135 4922 1399 5010 28⁰‚37-us·,5
1425 4925 1605 4995 observata
1630 4936 1701 5014 est,
1725 4932 1759 4999 in
1781 4934 1933 5020 cylindro
1960 4936 2086 5024 18⁰‚75.
