<?xml version="1.0" encoding="UTF-8"?>
<!DOCTYPE html PUBLIC "-//W3C//DTD XHTML 1.0 Transitional//EN"
    "http://www.w3.org/TR/xhtml1/DTD/xhtml1-transitional.dtd">
<html xmlns="http://www.w3.org/1999/xhtml" xml:lang="en" lang="en">
 <head>
  <title>
</title>
<meta http-equiv="Content-Type" content="text/html;charset=utf-8" />
  <meta name='ocr-system' content='tesseract 3.04.00' />
  <meta name='ocr-capabilities' content='ocr_page ocr_carea ocr_par ocr_line ocrx_word'/>
</head>
<body>
  <div class='ocr_page' id='page_1' title='image "./decaloreradiant00knobgoog_0079.png"; bbox 0 0 4544 5918; ppageno 0'>
   <div class='ocr_carea' id='block_1_1' title="bbox 1109 370 1159 445">
    <p class='ocr_par' dir='ltr' id='par_1_1' title="bbox 1109 370 1159 445">
     <span class='ocr_line' id='line_1_1' title="bbox 1109 370 1159 445; baseline 0.04 -2"><span class='ocrx_word' id='word_1_1' title='bbox 1109 370 1159 445; x_wconf 78' lang='lat' dir='ltr'><strong>no</strong></span> 
     </span>
    </p>
   </div>
   <div class='ocr_carea' id='block_1_2' title="bbox 269 594 1926 2543">
    <p class='ocr_par' dir='ltr' id='par_1_2' title="bbox 335 594 1926 1180">
     <span class='ocr_line' id='line_1_2' title="bbox 335 594 1926 685; baseline 0 -21"><span class='ocrx_word' id='word_1_2' title='bbox 335 599 431 664; x_wconf 82' lang='lat' dir='ltr'><strong>iuter</strong></span> <span class='ocrx_word' id='word_1_3' title='bbox 453 594 660 685; x_wconf 71' lang='lat' dir='ltr'><strong>superficiem</strong></span> <span class='ocrx_word' id='word_1_4' title='bbox 681 596 907 665; x_wconf 73' lang='lat' dir='ltr'><strong>reflectentem</strong></span> <span class='ocrx_word' id='word_1_5' title='bbox 931 601 967 663; x_wconf 84' lang='lat' dir='ltr'><strong>et</strong></span> <span class='ocrx_word' id='word_1_6' title='bbox 988 596 1089 682; x_wconf 89' lang='lat' dir='ltr'><strong>pilam</strong></span> <span class='ocrx_word' id='word_1_7' title='bbox 1111 597 1417 684; x_wconf 75' lang='lat' dir='ltr'><strong>interponerentur,</strong></span> <span class='ocrx_word' id='word_1_8' title='bbox 1445 595 1580 663; x_wconf 86' lang='lat' dir='ltr'><strong>admoto</strong></span> <span class='ocrx_word' id='word_1_9' title='bbox 1609 594 1665 662; x_wconf 81' lang='lat' dir='ltr'><strong>vel</strong></span> <span class='ocrx_word' id='word_1_10' title='bbox 1693 600 1821 664; x_wconf 83' lang='lat' dir='ltr'><strong>remoto</strong></span> <span class='ocrx_word' id='word_1_11' title='bbox 1850 598 1926 664; x_wconf 88' lang='lat' dir='ltr'><strong>sirc</strong></span> 
     </span>
     <span class='ocr_line' id='line_1_3' title="bbox 339 719 1923 811; baseline -0.002 -22"><span class='ocrx_word' id='word_1_12' title='bbox 339 721 592 811; x_wconf 85' lang='lat' dir='ltr'><strong>tliermoscopio</strong></span> <span class='ocrx_word' id='word_1_13' title='bbox 622 722 696 789; x_wconf 82' lang='lat' dir='ltr'><strong>rive</strong></span> <span class='ocrx_word' id='word_1_14' title='bbox 723 719 844 789; x_wconf 86' lang='lat' dir='ltr'><strong>caloris</strong></span> <span class='ocrx_word' id='word_1_15' title='bbox 872 721 965 790; x_wconf 76' lang='lat' dir='ltr'><strong>fonte</strong></span> <span class='ocrx_word' id='word_1_16' title='bbox 993 719 1082 790; x_wconf 83' lang='lat' dir='ltr'><strong>ellici</strong></span> <span class='ocrx_word' id='word_1_17' title='bbox 1103 724 1280 807; x_wconf 84' lang='lat' dir='ltr'><strong>potuisset</strong></span> <span class='ocrx_word' id='word_1_18' title='bbox 1326 719 1398 789; x_wconf 78' lang='lat' dir='ltr'><strong>Sed</strong></span> <span class='ocrx_word' id='word_1_19' title='bbox 1420 721 1454 786; x_wconf 91' lang='lat' dir='ltr'><strong>in</strong></span> <span class='ocrx_word' id='word_1_20' title='bbox 1477 726 1615 807; x_wconf 84' lang='lat' dir='ltr'><strong>utraque</strong></span> <span class='ocrx_word' id='word_1_21' title='bbox 1639 722 1768 789; x_wconf 87' lang='lat' dir='ltr'><strong>ratione</strong></span> <span class='ocrx_word' id='word_1_22' title='bbox 1790 720 1857 809; x_wconf 88' lang='lat' dir='ltr'><strong>pila</strong></span> <span class='ocrx_word' id='word_1_23' title='bbox 1880 719 1923 786; x_wconf 84' lang='lat' dir='ltr'><strong>ab</strong></span> 
     </span>
     <span class='ocr_line' id='line_1_4' title="bbox 341 842 1923 934; baseline -0.003 -20"><span class='ocrx_word' id='word_1_24' title='bbox 341 848 432 914; x_wconf 88' lang='lat' dir='ltr'><strong>omni</strong></span> <span class='ocrx_word' id='word_1_25' title='bbox 454 844 563 913; x_wconf 86' lang='lat' dir='ltr'><strong>aliena</strong></span> <span class='ocrx_word' id='word_1_26' title='bbox 585 843 764 913; x_wconf 78' lang='lat' dir='ltr'><strong>affcctione</strong></span> <span class='ocrx_word' id='word_1_27' title='bbox 786 843 919 913; x_wconf 76' lang='lat' dir='ltr'><strong>defendi</strong></span> <span class='ocrx_word' id='word_1_28' title='bbox 941 866 1006 912; x_wconf 91' lang='lat' dir='ltr'><strong>nou</strong></span> <span class='ocrx_word' id='word_1_29' title='bbox 1029 849 1156 933; x_wconf 86' lang='lat' dir='ltr'><strong>potuit,</strong></span> <span class='ocrx_word' id='word_1_30' title='bbox 1186 852 1289 934; x_wconf 83' lang='lat' dir='ltr'><strong>atque</strong></span> <span class='ocrx_word' id='word_1_31' title='bbox 1315 842 1401 912; x_wconf 82' lang='lat' dir='ltr'><strong>haec</strong></span> <span class='ocrx_word' id='word_1_32' title='bbox 1430 847 1609 931; x_wconf 89' lang='lat' dir='ltr'><strong>praecipua</strong></span> <span class='ocrx_word' id='word_1_33' title='bbox 1635 842 1815 912; x_wconf 75' lang='lat' dir='ltr'><strong>recederet</strong></span> <span class='ocrx_word' id='word_1_34' title='bbox 1839 842 1923 910; x_wconf 85' lang='lat' dir='ltr'><strong>dilii-</strong></span> 
     </span>
     <span class='ocr_line' id='line_1_5' title="bbox 338 948 1926 1056; baseline -0.001 -19"><span class='ocrx_word' id='word_1_35' title='bbox 338 968 464 1051; x_wconf 79' lang='lat' dir='ltr'><strong>cultas,</strong></span> <span class='ocrx_word' id='word_1_36' title='bbox 485 976 525 1036; x_wconf 91' lang='lat' dir='ltr'><strong>ut</strong></span> <span class='ocrx_word' id='word_1_37' title='bbox 539 970 634 1036; x_wconf 81' lang='lat' dir='ltr'><strong>&#39;inter</strong></span> <span class='ocrx_word' id='word_1_38' title='bbox 655 969 868 1037; x_wconf 83' lang='lat' dir='ltr'><strong>reflexionem</strong></span> <span class='ocrx_word' id='word_1_39' title='bbox 891 966 935 1035; x_wconf 81' lang='lat' dir='ltr'><strong>alr</strong></span> <span class='ocrx_word' id='word_1_40' title='bbox 958 969 1057 1051; x_wconf 89' lang='lat' dir='ltr'><strong>omni,</strong></span> <span class='ocrx_word' id='word_1_41' title='bbox 1079 970 1137 1056; x_wconf 84' lang='lat' dir='ltr'><strong>qni</strong></span> <span class='ocrx_word' id='word_1_42' title='bbox 1160 991 1179 1034; x_wconf 86' lang='lat' dir='ltr'><strong>a</strong></span> <span class='ocrx_word' id='word_1_43' title='bbox 1202 971 1296 1037; x_wconf 83' lang='lat' dir='ltr'><strong>sonte</strong></span> <span class='ocrx_word' id='word_1_44' title='bbox 1317 966 1555 1056; x_wconf 82' lang='lat' dir='ltr'><strong>proficiscitur,</strong></span> <span class='ocrx_word' id='word_1_45' title='bbox 1577 966 1687 1034; x_wconf 85' lang='lat' dir='ltr'><strong>calore</strong></span> <span class='ocrx_word' id='word_1_46' title='bbox 1709 989 1778 1034; x_wconf 86' lang='lat' dir='ltr'><strong>non</strong></span> <span class='ocrx_word' id='word_1_47' title='bbox 1798 948 1926 1035; x_wconf 61' lang='lat' dir='ltr'><strong>celleio</strong></span> 
     </span>
     <span class='ocr_line' id='line_1_6' title="bbox 337 1089 1925 1180; baseline -0.001 -19"><span class='ocrx_word' id='word_1_48' title='bbox 337 1095 532 1161; x_wconf 85' lang='lat' dir='ltr'><strong>muniretur.</strong></span> <span class='ocrx_word' id='word_1_49' title='bbox 578 1089 691 1177; x_wconf 71' lang='lat' dir='ltr'><strong>Quare</strong></span> <span class='ocrx_word' id='word_1_50' title='bbox 711 1095 938 1180; x_wconf 84' lang='lat' dir='ltr'><strong>praestantius</strong></span> <span class='ocrx_word' id='word_1_51' title='bbox 960 1091 1039 1159; x_wconf 87' lang='lat' dir='ltr'><strong>milri</strong></span> <span class='ocrx_word' id='word_1_52' title='bbox 1060 1095 1166 1161; x_wconf 87' lang='lat' dir='ltr'><strong>visum</strong></span> <span class='ocrx_word' id='word_1_53' title='bbox 1190 1099 1262 1177; x_wconf 88' lang='lat' dir='ltr'><strong>est,</strong></span> <span class='ocrx_word' id='word_1_54' title='bbox 1295 1090 1549 1161; x_wconf 77' lang='lat' dir='ltr'><strong>declinationem</strong></span> <span class='ocrx_word' id='word_1_55' title='bbox 1577 1089 1663 1158; x_wconf 89' lang='lat' dir='ltr'><strong>illam</strong></span> <span class='ocrx_word' id='word_1_56' title='bbox 1678 1090 1821 1158; x_wconf 81' lang='lat' dir='ltr'><strong>efficere</strong></span> <span class='ocrx_word' id='word_1_57' title='bbox 1845 1097 1925 1178; x_wconf 90' lang='lat' dir='ltr'><strong>apte</strong></span> 
     </span>
    </p>

    <p class='ocr_par' dir='ltr' id='par_1_3' title="bbox 269 1194 1925 1304">
     <span class='ocr_line' id='line_1_7' title="bbox 269 1194 1925 1304; baseline -0.005 -12"><span class='ocrx_word' id='word_1_58' title='bbox 269 1228 280 1251; x_wconf 81' lang='lat'><strong>¹</strong></span> <span class='ocrx_word' id='word_1_59' title='bbox 339 1194 508 1291; x_wconf 72' lang='lat' dir='ltr'><strong>morenda</strong></span> <span class='ocrx_word' id='word_1_60' title='bbox 534 1222 572 1285; x_wconf 84' lang='lat' dir='ltr'><strong>et</strong></span> <span class='ocrx_word' id='word_1_61' title='bbox 597 1215 786 1285; x_wconf 85' lang='lat' dir='ltr'><strong>inclinanda</strong></span> <span class='ocrx_word' id='word_1_62' title='bbox 812 1218 846 1282; x_wconf 89' lang='lat' dir='ltr'><strong>in</strong></span> <span class='ocrx_word' id='word_1_63' title='bbox 873 1217 1127 1285; x_wconf 78' lang='lat' dir='ltr'><strong>instrumentum</strong></span> <span class='ocrx_word' id='word_1_64' title='bbox 1157 1214 1335 1304; x_wconf 87' lang='lat' dir='ltr'><strong>superficie</strong></span> <span class='ocrx_word' id='word_1_65' title='bbox 1361 1215 1565 1282; x_wconf 79' lang='lat' dir='ltr'><strong>reflectente.</strong></span> <span class='ocrx_word' id='word_1_66' title='bbox 1619 1211 1701 1281; x_wconf 82' lang='lat' dir='ltr'><strong>Cum</strong></span> <span class='ocrx_word' id='word_1_67' title='bbox 1729 1235 1810 1282; x_wconf 89' lang='lat' dir='ltr'><strong>vero</strong></span> <span class='ocrx_word' id='word_1_68' title='bbox 1838 1237 1858 1282; x_wconf 90' lang='lat' dir='ltr'><strong>e</strong></span> <span class='ocrx_word' id='word_1_69' title='bbox 1887 1236 1925 1283; x_wconf 89' lang='lat' dir='ltr'><strong>ro</strong></span> 
     </span>
    </p>

    <p class='ocr_par' dir='ltr' id='par_1_4' title="bbox 274 1328 1926 2543">
     <span class='ocr_line' id='line_1_8' title="bbox 274 1328 1924 1427; baseline -0.004 -17"><span class='ocrx_word' id='word_1_70' title='bbox 274 1328 291 1345; x_wconf 75' lang='grc'><strong><em>’</em></strong></span> <span class='ocrx_word' id='word_1_71' title='bbox 340 1347 437 1410; x_wconf 83' lang='lat' dir='ltr'><strong>esset</strong></span> <span class='ocrx_word' id='word_1_72' title='bbox 466 1360 694 1427; x_wconf 74' lang='lat' dir='ltr'><strong>cognoscere,</strong></span> <span class='ocrx_word' id='word_1_73' title='bbox 724 1361 790 1427; x_wconf 64' lang='lat' dir='ltr'><strong>qua</strong></span> <span class='ocrx_word' id='word_1_74' title='bbox 817 1340 945 1407; x_wconf 88' lang='lat' dir='ltr'><strong>ratione</strong></span> <span class='ocrx_word' id='word_1_75' title='bbox 973 1338 1066 1406; x_wconf 86' lang='lat' dir='ltr'><strong>calor</strong></span> <span class='ocrx_word' id='word_1_76' title='bbox 1086 1341 1119 1406; x_wconf 93' lang='lat' dir='ltr'><strong>in</strong></span> <span class='ocrx_word' id='word_1_77' title='bbox 1143 1341 1282 1409; x_wconf 83' lang='lat' dir='ltr'><strong>diversis</strong></span> <span class='ocrx_word' id='word_1_78' title='bbox 1306 1337 1504 1426; x_wconf 84' lang='lat' dir='ltr'><strong>corporibus</strong></span> <span class='ocrx_word' id='word_1_79' title='bbox 1527 1338 1708 1405; x_wconf 83' lang='lat' dir='ltr'><strong>reflexione</strong></span> <span class='ocrx_word' id='word_1_80' title='bbox 1730 1344 1924 1423; x_wconf 80' lang='lat' dir='ltr'><strong>mutaretur,</strong></span> 
     </span>
     <span class='ocr_line' id='line_1_9' title="bbox 335 1460 1924 1563; baseline -0.001 -32"><span class='ocrx_word' id='word_1_81' title='bbox 335 1467 407 1555; x_wconf 80' lang='lat' dir='ltr'><strong>jam</strong></span> <span class='ocrx_word' id='word_1_82' title='bbox 436 1462 507 1533; x_wconf 86' lang='lat' dir='ltr'><strong>lroc</strong></span> <span class='ocrx_word' id='word_1_83' title='bbox 533 1462 613 1531; x_wconf 80' lang='lat' dir='ltr'><strong>milri</strong></span> <span class='ocrx_word' id='word_1_84' title='bbox 642 1470 798 1533; x_wconf 87' lang='lat' dir='ltr'><strong>accurate</strong></span> <span class='ocrx_word' id='word_1_85' title='bbox 827 1463 1050 1550; x_wconf 80' lang='lat' dir='ltr'><strong>indagandum</strong></span> <span class='ocrx_word' id='word_1_86' title='bbox 1079 1471 1167 1549; x_wconf 86' lang='lat' dir='ltr'><strong>erat,</strong></span> <span class='ocrx_word' id='word_1_87' title='bbox 1197 1487 1239 1532; x_wconf 89' lang='lat' dir='ltr'><strong>an</strong></span> <span class='ocrx_word' id='word_1_88' title='bbox 1266 1484 1333 1531; x_wconf 88' lang='lat' dir='ltr'><strong>non</strong></span> <span class='ocrx_word' id='word_1_89' title='bbox 1359 1468 1485 1530; x_wconf 86' lang='lat' dir='ltr'><strong>mutatu</strong></span> <span class='ocrx_word' id='word_1_90' title='bbox 1509 1460 1698 1549; x_wconf 88' lang='lat' dir='ltr'><strong>superficiei</strong></span> <span class='ocrx_word' id='word_1_91' title='bbox 1721 1461 1924 1563; x_wconf 80' lang='lat' dir='ltr'><strong>reflectentis</strong></span> 
     </span>
     <span class='ocr_line' id='line_1_10' title="bbox 339 1584 1924 1677; baseline -0.002 -22"><span class='ocrx_word' id='word_1_92' title='bbox 339 1588 418 1677; x_wconf 88' lang='lat' dir='ltr'><strong>ipsa</strong></span> <span class='ocrx_word' id='word_1_93' title='bbox 440 1587 569 1675; x_wconf 85' lang='lat' dir='ltr'><strong>positio</strong></span> <span class='ocrx_word' id='word_1_94' title='bbox 591 1586 764 1655; x_wconf 75' lang='lat' dir='ltr'><strong>d’nnrimeu</strong></span> <span class='ocrx_word' id='word_1_95' title='bbox 787 1586 923 1675; x_wconf 87' lang='lat' dir='ltr'><strong>aliquod</strong></span> <span class='ocrx_word' id='word_1_96' title='bbox 946 1588 980 1654; x_wconf 90' lang='lat' dir='ltr'><strong>iu</strong></span> <span class='ocrx_word' id='word_1_97' title='bbox 1004 1586 1125 1655; x_wconf 88' lang='lat' dir='ltr'><strong>caloris</strong></span> <span class='ocrx_word' id='word_1_98' title='bbox 1146 1610 1208 1674; x_wconf 87' lang='lat' dir='ltr'><strong>per</strong></span> <span class='ocrx_word' id='word_1_99' title='bbox 1230 1586 1456 1655; x_wconf 87' lang='lat' dir='ltr'><strong>diatherurana</strong></span> <span class='ocrx_word' id='word_1_100' title='bbox 1479 1607 1622 1674; x_wconf 84' lang='lat' dir='ltr'><strong>corpora</strong></span> <span class='ocrx_word' id='word_1_101' title='bbox 1642 1587 1784 1652; x_wconf 84' lang='lat' dir='ltr'><strong>transitu</strong></span> <span class='ocrx_word' id='word_1_102' title='bbox 1812 1584 1924 1653; x_wconf 85' lang='lat' dir='ltr'><strong>cilice·</strong></span> 
     </span>
     <span class='ocr_line' id='line_1_11' title="bbox 341 1705 1926 1799; baseline -0.003 -20"><span class='ocrx_word' id='word_1_103' title='bbox 341 1718 409 1779; x_wconf 81' lang='lat' dir='ltr'><strong>ret</strong></span> <span class='ocrx_word' id='word_1_104' title='bbox 455 1710 678 1779; x_wconf 77' lang='lat' dir='ltr'><strong>Observatum</strong></span> <span class='ocrx_word' id='word_1_105' title='bbox 705 1716 816 1778; x_wconf 88' lang='lat' dir='ltr'><strong>autem</strong></span> <span class='ocrx_word' id='word_1_106' title='bbox 846 1718 916 1795; x_wconf 83' lang='lat' dir='ltr'><strong>est,</strong></span> <span class='ocrx_word' id='word_1_107' title='bbox 945 1735 976 1778; x_wconf 88' lang='lat' dir='ltr'><strong>v.</strong></span> <span class='ocrx_word' id='word_1_108' title='bbox 1001 1732 1030 1777; x_wconf 90' lang='lat' dir='ltr'><strong>e.</strong></span> <span class='ocrx_word' id='word_1_109' title='bbox 1052 1713 1250 1799; x_wconf 87' lang='lat' dir='ltr'><strong>interposito</strong></span> <span class='ocrx_word' id='word_1_110' title='bbox 1278 1713 1365 1779; x_wconf 88' lang='lat' dir='ltr'><strong>vitro</strong></span> <span class='ocrx_word' id='word_1_111' title='bbox 1393 1709 1494 1777; x_wconf 81' lang='lat' dir='ltr'><strong>rubro</strong></span> <span class='ocrx_word' id='word_1_112' title='bbox 1524 1731 1620 1777; x_wconf 89' lang='lat' dir='ltr'><strong>acum</strong></span> <span class='ocrx_word' id='word_1_113' title='bbox 1642 1730 1779 1796; x_wconf 84' lang='lat' dir='ltr'><strong>semper</strong></span> <span class='ocrx_word' id='word_1_114' title='bbox 1800 1708 1843 1777; x_wconf 89' lang='lat' dir='ltr'><strong>ad</strong></span> <span class='ocrx_word' id='word_1_115' title='bbox 1868 1705 1926 1774; x_wconf 78' lang='lat'><strong>15⁰</strong></span> 
     </span>
     <span class='ocr_line' id='line_1_12' title="bbox 338 1832 1926 1920; baseline -0.003 -17"><span class='ocrx_word' id='word_1_116' title='bbox 338 1836 545 1918; x_wconf 72' lang='lat' dir='ltr'><strong>recruisse,</strong></span> <span class='ocrx_word' id='word_1_117' title='bbox 566 1836 638 1905; x_wconf 83' lang='lat' dir='ltr'><strong>sivo</strong></span> <span class='ocrx_word' id='word_1_118' title='bbox 659 1834 786 1904; x_wconf 85' lang='lat' dir='ltr'><strong>directa</strong></span> <span class='ocrx_word' id='word_1_119' title='bbox 801 1834 863 1900; x_wconf 64' lang='grc' dir='ltr'><strong>Μ’</strong></span> <span class='ocrx_word' id='word_1_120' title='bbox 877 1834 1055 1904; x_wconf 80' lang='lat' dir='ltr'><strong>declinatio</strong></span> <span class='ocrx_word' id='word_1_121' title='bbox 1077 1837 1124 1901; x_wconf 91' lang='lat' dir='ltr'><strong>ita</strong></span> <span class='ocrx_word' id='word_1_122' title='bbox 1147 1837 1334 1917; x_wconf 80' lang='lat' dir='ltr'><strong>exstiterat,</strong></span> <span class='ocrx_word' id='word_1_123' title='bbox 1358 1841 1396 1900; x_wconf 90' lang='lat' dir='ltr'><strong>ut</strong></span> <span class='ocrx_word' id='word_1_124' title='bbox 1418 1855 1576 1901; x_wconf 75' lang='lat' dir='ltr'><strong>cerussae</strong></span> <span class='ocrx_word' id='word_1_125' title='bbox 1599 1832 1794 1920; x_wconf 84' lang='lat' dir='ltr'><strong>superficies</strong></span> <span class='ocrx_word' id='word_1_126' title='bbox 1818 1832 1926 1907; x_wconf 86' lang='lat' dir='ltr'><strong>media</strong></span> 
     </span>
     <span class='ocr_line' id='line_1_13' title="bbox 340 1954 1926 2048; baseline -0.002 -21"><span class='ocrx_word' id='word_1_127' title='bbox 340 1957 477 2027; x_wconf 64' lang='lat' dir='ltr'><strong>fflshns</strong></span> <span class='ocrx_word' id='word_1_128' title='bbox 492 1956 534 2023; x_wconf 70' lang='grc' dir='ltr'><strong>δ”</strong></span> <span class='ocrx_word' id='word_1_129' title='bbox 551 1981 573 2026; x_wconf 90' lang='lat' dir='ltr'><strong>a</strong></span> <span class='ocrx_word' id='word_1_130' title='bbox 590 1957 854 2047; x_wconf 82' lang='lat' dir='ltr'><strong>tlrermoscopio,</strong></span> <span class='ocrx_word' id='word_1_131' title='bbox 877 1957 965 2027; x_wconf 88' lang='lat' dir='ltr'><strong>linea</strong></span> <span class='ocrx_word' id='word_1_132' title='bbox 989 1963 1061 2048; x_wconf 88' lang='lat' dir='ltr'><strong>ejus</strong></span> <span class='ocrx_word' id='word_1_133' title='bbox 1082 1958 1348 2047; x_wconf 79' lang='lat' dir='ltr'><strong>perpendiculari</strong></span> <span class='ocrx_word' id='word_1_134' title='bbox 1370 1957 1434 2025; x_wconf 85' lang='lat' dir='ltr'><strong>sub</strong></span> <span class='ocrx_word' id='word_1_135' title='bbox 1457 1957 1579 2044; x_wconf 81' lang='lat' dir='ltr'><strong>angulo</strong></span> <span class='ocrx_word' id='word_1_136' title='bbox 1603 1954 1641 2021; x_wconf 75' lang='lat'><strong>4⁹</strong></span> <span class='ocrx_word' id='word_1_137' title='bbox 1662 1960 1695 2023; x_wconf 90' lang='lat' dir='ltr'><strong>in</strong></span> <span class='ocrx_word' id='word_1_138' title='bbox 1716 1957 1804 2043; x_wconf 88' lang='lat' dir='ltr'><strong>pilae</strong></span> <span class='ocrx_word' id='word_1_139' title='bbox 1827 1978 1926 2025; x_wconf 83' lang='lat' dir='ltr'><strong>axem</strong></span> 
     </span>
     <span class='ocr_line' id='line_1_14' title="bbox 336 2079 1926 2171; baseline -0.003 -20"><span class='ocrx_word' id='word_1_140' title='bbox 336 2080 527 2171; x_wconf 76' lang='lat' dir='ltr'><strong>longiorem</strong></span> <span class='ocrx_word' id='word_1_141' title='bbox 548 2082 717 2166; x_wconf 86' lang='lat' dir='ltr'><strong>inclinatu,</strong></span> <span class='ocrx_word' id='word_1_142' title='bbox 739 2086 815 2151; x_wconf 88' lang='lat' dir='ltr'><strong>sive</strong></span> <span class='ocrx_word' id='word_1_143' title='bbox 834 2086 895 2167; x_wconf 86' lang='lat' dir='ltr'><strong>ita,</strong></span> <span class='ocrx_word' id='word_1_144' title='bbox 920 2091 957 2150; x_wconf 87' lang='lat' dir='ltr'><strong>ut</strong></span> <span class='ocrx_word' id='word_1_145' title='bbox 979 2083 1096 2151; x_wconf 88' lang='lat' dir='ltr'><strong>eadem</strong></span> <span class='ocrx_word' id='word_1_146' title='bbox 1119 2082 1314 2170; x_wconf 81' lang='lat' dir='ltr'><strong>superficies</strong></span> <span class='ocrx_word' id='word_1_147' title='bbox 1334 2083 1462 2150; x_wconf 82' lang='lat' dir='ltr'><strong>distans</strong></span> <span class='ocrx_word' id='word_1_148' title='bbox 1478 2085 1581 2164; x_wconf 55' lang='lat' dir='ltr'><strong>igin,</strong></span> <span class='ocrx_word' id='word_1_149' title='bbox 1605 2081 1693 2148; x_wconf 87' lang='lat' dir='ltr'><strong>linea</strong></span> <span class='ocrx_word' id='word_1_150' title='bbox 1706 2079 1926 2168; x_wconf 89' lang='lat' dir='ltr'><strong>perpendicu-</strong></span> 
     </span>
     <span class='ocr_line' id='line_1_15' title="bbox 339 2201 1924 2295; baseline -0.002 -22"><span class='ocrx_word' id='word_1_151' title='bbox 339 2205 406 2273; x_wconf 89' lang='lat' dir='ltr'><strong>lari</strong></span> <span class='ocrx_word' id='word_1_152' title='bbox 425 2205 491 2273; x_wconf 87' lang='lat' dir='ltr'><strong>sub</strong></span> <span class='ocrx_word' id='word_1_153' title='bbox 515 2203 575 2273; x_wconf 73' lang='lat'><strong>58⁶</strong></span> <span class='ocrx_word' id='word_1_154' title='bbox 595 2205 764 2292; x_wconf 87' lang='lat' dir='ltr'><strong>inclinata,</strong></span> <span class='ocrx_word' id='word_1_155' title='bbox 787 2207 997 2295; x_wconf 84' lang='lat' dir='ltr'><strong>Argandicae</strong></span> <span class='ocrx_word' id='word_1_156' title='bbox 1020 2206 1184 2295; x_wconf 86' lang='lat' dir='ltr'><strong>lampadis</strong></span> <span class='ocrx_word' id='word_1_157' title='bbox 1207 2206 1351 2275; x_wconf 84' lang='lat' dir='ltr'><strong>calorem</strong></span> <span class='ocrx_word' id='word_1_158' title='bbox 1375 2205 1494 2274; x_wconf 83' lang='lat' dir='ltr'><strong>diffuse</strong></span> <span class='ocrx_word' id='word_1_159' title='bbox 1511 2206 1710 2274; x_wconf 85' lang='lat' dir='ltr'><strong>reflecteret.</strong></span> <span class='ocrx_word' id='word_1_160' title='bbox 1728 2240 1771 2253; x_wconf 83' lang='lat'>-</span> <span class='ocrx_word' id='word_1_161' title='bbox 1794 2201 1924 2272; x_wconf 80' lang='lat' dir='ltr'><strong>Eadem</strong></span> 
     </span>
     <span class='ocr_line' id='line_1_16' title="bbox 339 2328 1923 2419; baseline -0.003 -21"><span class='ocrx_word' id='word_1_162' title='bbox 339 2331 530 2399; x_wconf 85' lang='lat' dir='ltr'><strong>constantia</strong></span> <span class='ocrx_word' id='word_1_163' title='bbox 552 2336 688 2398; x_wconf 86' lang='lat' dir='ltr'><strong>servata</strong></span> <span class='ocrx_word' id='word_1_164' title='bbox 711 2333 819 2397; x_wconf 89' lang='lat' dir='ltr'><strong>estin</strong></span> <span class='ocrx_word' id='word_1_165' title='bbox 843 2353 1044 2419; x_wconf 83' lang='lat' dir='ltr'><strong>quacunque</strong></span> <span class='ocrx_word' id='word_1_166' title='bbox 1067 2329 1131 2396; x_wconf 85' lang='lat' dir='ltr'><strong>alia</strong></span> <span class='ocrx_word' id='word_1_167' title='bbox 1154 2329 1311 2398; x_wconf 88' lang='lat' dir='ltr'><strong>distantia</strong></span> <span class='ocrx_word' id='word_1_168' title='bbox 1334 2328 1466 2418; x_wconf 88' lang='lat' dir='ltr'><strong>aliaque</strong></span> <span class='ocrx_word' id='word_1_169' title='bbox 1484 2329 1713 2414; x_wconf 82' lang='lat' dir='ltr'><strong>inclinatione3</strong></span> <span class='ocrx_word' id='word_1_170' title='bbox 1737 2350 1848 2417; x_wconf 89' lang='lat' dir='ltr'><strong>neque</strong></span> <span class='ocrx_word' id='word_1_171' title='bbox 1864 2331 1923 2394; x_wconf 91' lang='lat' dir='ltr'><strong>rni-</strong></span> 
     </span>
     <span class='ocr_line' id='line_1_17' title="bbox 339 2453 1151 2543; baseline -0.004 -20"><span class='ocrx_word' id='word_1_172' title='bbox 339 2477 404 2523; x_wconf 88' lang='lat' dir='ltr'><strong>nus</strong></span> <span class='ocrx_word' id='word_1_173' title='bbox 424 2456 460 2522; x_wconf 92' lang='lat' dir='ltr'><strong>in</strong></span> <span class='ocrx_word' id='word_1_174' title='bbox 481 2475 684 2543; x_wconf 76' lang='lat' dir='ltr'><strong>quecunque</strong></span> <span class='ocrx_word' id='word_1_175' title='bbox 706 2453 894 2542; x_wconf 82' lang='lat' dir='ltr'><strong>superficiei</strong></span> <span class='ocrx_word' id='word_1_176' title='bbox 916 2455 1151 2542; x_wconf 80' lang='lat' dir='ltr'><strong>magnitudine.</strong></span> 
     </span>
    </p>
   </div>
   <div class='ocr_carea' id='block_1_3' title="bbox 378 3002 1086 3211">
    <p class='ocr_par' dir='ltr' id='par_1_5' title="bbox 378 3002 1086 3211">
     <span class='ocr_line' id='line_1_18' title="bbox 378 3002 1086 3121; baseline -0.013 -27"><span class='ocrx_word' id='word_1_177' title='bbox 378 3044 486 3107; x_wconf 85' lang='lat' dir='ltr'><strong>corpus</strong></span> <span class='ocrx_word' id='word_1_178' title='bbox 502 3039 646 3094; x_wconf 80' lang='lat' dir='ltr'><strong>reflectens</strong></span> <span class='ocrx_word' id='word_1_179' title='bbox 764 3076 816 3121; x_wconf 77' lang='lat' dir='ltr'><strong>‘n</strong></span> <span class='ocrx_word' id='word_1_180' title='bbox 864 3002 908 3098; x_wconf 60' lang='lat'><strong>⁸2}</strong></span> <span class='ocrx_word' id='word_1_181' title='bbox 1041 3042 1086 3086; x_wconf 76' lang='lat' dir='ltr'><strong>siis</strong></span> 
     </span>
     <span class='ocr_line' id='line_1_19' title="bbox 386 3147 632 3211; baseline -0.008 -10"><span class='ocrx_word' id='word_1_182' title='bbox 386 3148 481 3201; x_wconf 71' lang='lat' dir='ltr'><strong>radios</strong></span> <span class='ocrx_word' id='word_1_183' title='bbox 502 3147 632 3211; x_wconf 78' lang='lat' dir='ltr'><strong>iampndls</strong></span> 
     </span>
    </p>
   </div>
   <div class='ocr_carea' id='block_1_4' title="bbox 368 3589 2061 3714">
    <p class='ocr_par' dir='ltr' id='par_1_6' title="bbox 368 3589 2061 3714">
     <span class='ocr_line' id='line_1_20' title="bbox 368 3589 2061 3714; baseline -0.019 1"><span class='ocrx_word' id='word_1_184' title='bbox 368 3589 645 3714; x_wconf 42' lang='lat' dir='ltr'><strong>illidium:</strong></span> <span class='ocrx_word' id='word_1_185' title='bbox 712 3592 804 3712; x_wconf 65' lang='lat' dir='ltr'><strong>dlli-</strong></span> <span class='ocrx_word' id='word_1_186' title='bbox 968 3658 975 3682; x_wconf 84' lang='lat'>‚</span> <span class='ocrx_word' id='word_1_187' title='bbox 1065 3660 1071 3683; x_wconf 86' lang='lat'>‚</span> <span class='ocrx_word' id='word_1_188' title='bbox 1135 3654 1160 3687; x_wconf 85' lang='lat'><strong>·‚</strong></span> <span class='ocrx_word' id='word_1_189' title='bbox 1371 3626 1379 3675; x_wconf 74' lang='lat'><em>1</em></span> <span class='ocrx_word' id='word_1_190' title='bbox 1442 3663 1448 3675; x_wconf 91' lang='lat'>-</span> <span class='ocrx_word' id='word_1_191' title='bbox 1576 3591 1668 3714; x_wconf 62' lang='lat' dir='ltr'><strong>dut..</strong></span> <span class='ocrx_word' id='word_1_192' title='bbox 1722 3616 2061 3684; x_wconf 65' lang='lat' dir='ltr'><strong>loconuaco</strong></span> 
     </span>
    </p>
   </div>
   <div class='ocr_carea' id='block_1_5' title="bbox 1816 3849 2061 3917">
    <p class='ocr_par' dir='ltr' id='par_1_7' title="bbox 1816 3849 2061 3917">
     <span class='ocr_line' id='line_1_21' title="bbox 1816 3849 2061 3917; baseline 0.004 -11"><span class='ocrx_word' id='word_1_193' title='bbox 1816 3852 1876 3917; x_wconf 68' lang='lat' dir='ltr'><strong>zio</strong></span> <span class='ocrx_word' id='word_1_194' title='bbox 1912 3849 1972 3915; x_wconf 57' lang='lat' dir='ltr'><strong>udo</strong></span> <span class='ocrx_word' id='word_1_195' title='bbox 1999 3851 2061 3913; x_wconf 73' lang='grc' dir='ltr'><strong>4,οθ</strong></span> 
     </span>
    </p>
   </div>
   <div class='ocr_carea' id='block_1_6' title="bbox 950 4304 2061 4396">
    <p class='ocr_par' dir='ltr' id='par_1_8' title="bbox 950 4304 2061 4396">
     <span class='ocr_line' id='line_1_22' title="bbox 950 4304 2061 4396; baseline 0.004 -28"><span class='ocrx_word' id='word_1_196' title='bbox 950 4311 1014 4376; x_wconf 69' lang='lat' dir='ltr'><strong>ern</strong></span> <span class='ocrx_word' id='word_1_197' title='bbox 1047 4311 1109 4376; x_wconf 69' lang='lat' dir='ltr'><strong>nno</strong></span> <span class='ocrx_word' id='word_1_198' title='bbox 1135 4313 1195 4378; x_wconf 68' lang='lat' dir='ltr'><strong>aar</strong></span> <span class='ocrx_word' id='word_1_199' title='bbox 1318 4314 1422 4370; x_wconf 62' lang='lat' dir='ltr'><strong>aarum.</strong></span> <span class='ocrx_word' id='word_1_200' title='bbox 1578 4304 1677 4396; x_wconf 46' lang='lat'><strong>5:²53?</strong></span> <span class='ocrx_word' id='word_1_201' title='bbox 1813 4312 2061 4381; x_wconf 62' lang='lat' dir='ltr'><strong>cruciniano</strong></span> 
     </span>
    </p>
   </div>
   <div class='ocr_carea' id='block_1_7' title="bbox 1573 4775 2058 4858">
    <p class='ocr_par' dir='ltr' id='par_1_9' title="bbox 1573 4775 2058 4858">
     <span class='ocr_line' id='line_1_23' title="bbox 1573 4775 2058 4858; baseline 0.002 -26"><span class='ocrx_word' id='word_1_202' title='bbox 1573 4816 1601 4858; x_wconf 70' lang='lat' dir='ltr'><strong>n</strong></span> <span class='ocrx_word' id='word_1_203' title='bbox 1625 4829 1666 4858; x_wconf 49' lang='grc' dir='ltr'><strong>η</strong></span> <span class='ocrx_word' id='word_1_204' title='bbox 1799 4775 2058 4841; x_wconf 68' lang='lat' dir='ltr'><strong>recrearemur</strong></span> 
     </span>
    </p>
   </div>
   <div class='ocr_carea' id='block_1_8' title="bbox 0 0 2276 5912">
    <p class='ocr_par' dir='ltr' id='par_1_10' title="bbox 0 0 2276 5912">
     <span class='ocr_line' id='line_1_24' title="bbox 0 0 2276 5912; baseline 0 0"><span class='ocrx_word' id='word_1_205' title='bbox 0 0 2276 5912; x_wconf 95' lang='lat' dir='ltr'><strong> </strong></span> 
     </span>
    </p>
   </div>
  </div>
 </body>
</html>
